2074 3320
900 103 1129 140 ,71-

238 221 413 275 lateque·
446 227 657 277 patentem
693 257 701 266 .
737 255 745 263 .
781 254 790 263 .
824 223 921 273 μίαν
965 222 1076 273 ἔχων
1120 222 1319 275 ἀφορμὴν
1351 221 1410 272 εἰς
1443 223 1570 262 τοῦτο
1602 222 1678 271 τὴν
1711 223 1786 272 τῆς

236 292 411 344 Ἰταλίας
443 293 689 345 ἐνάργειαν·
729 292 867 344 οὕτως
899 293 979 345 γὰρ
1011 292 1307 335 ὑποπεπτώκει
1338 295 1430 343 τοῖς
1462 292 1785 343 προειρημένοις

237 361 383 413 ὄρεσιν
427 363 472 415 (i.
496 376 530 406 e.
568 367 662 414 ταῖς
700 363 923 415 Ἄλπεσιν)
963 364 1075 405 ὥστε
1107 395 1117 405 .
1153 395 1161 404 .
1198 395 1207 404 .
1240 362 1515 414 ἀκροπόλεως
1556 361 1786 419 φαίνεσθαι

237 432 427 488 διάθεσιν
472 434 584 486 ἔχειν
627 435 703 485 τὰς
748 434 918 485 Ἄλπεις
962 439 1037 486 τῆς
1082 434 1187 486 ὅλης
1232 433 1425 484 Ἰταλίας.
1495 433 1615 475 Sicut
1658 436 1786 475 antea

236 503 457 547 πέπτωκεν
487 505 723 561 praesentis
754 505 816 548 ita
850 505 915 547 bic
947 504 1243 547 ὑποπεπτώκει
1265 500 1606 560 („subiacebat“)
1627 503 1784 559 *imper-

235 572 340 616 fecti
371 573 509 618 locum
540 574 717 618 obtinet.

431 728 472 770 2.
506 712 671 770 Verb⁶a
703 728 965 771 actionem
997 727 1156 770 animi
1187 727 1585 782 significantia.

375 824 662 868 Usitatissima
694 830 791 867 sunt
821 826 862 867 in
896 830 986 868 tota
1018 825 1253 880 graecitate
1275 823 1373 867 οἴδα
1395 825 1600 876 μέμνημαι
1623 823 1784 875 λέληθα

235 895 431 938 πέποιθα.
506 896 624 947 Quae
668 896 891 953 Polybium
935 909 1103 951 quoque
1148 895 1316 938 novisse
1361 895 1487 938 docet
1530 899 1783 949 conspectus

235 965 519 1021 perfectorum
559 980 682 1023 quem
719 966 931 1024 praemisi.
1003 967 1175 1011 Maioris
1214 966 1414 1010 momenti
1451 970 1528 1017 est,
1568 963 1681 1021 quod
1713 963 1783 1007 hic

234 1037 415 1093 scriptor
446 1051 574 1094 saepe
612 1040 740 1081 etiam
778 1039 1058 1090 πέπεισμαι
1095 1039 1332 1095 praesentis
1367 1037 1683 1093 significatione
1725 1036 1782 1078 in-

234 1108 400 1151 struxit.
448 1108 570 1161 Quod
593 1122 687 1153 cum
708 1109 916 1153 interdum
940 1115 986 1152 ut
1008 1109 1119 1165 apud
1145 1109 1363 1152 Platonem
1386 1115 1429 1152 et
1452 1106 1779 1152 Demosthenem

234 1177 347 1222 idem
379 1180 469 1222 fere
500 1181 718 1234 significet
749 1185 876 1235 atque
899 1182 1094 1233 νομίζειν,
1130 1181 1373 1234 plerumque
1395 1193 1448 1222 ex
1468 1193 1514 1222 se
1535 1190 1782 1233 suspensum

235 1248 365 1292 habet
407 1249 662 1293 infinitivum
708 1250 852 1304 futuri,
898 1256 942 1293 ut
974 1250 1154 1293 accedat
1186 1250 1241 1293 ad
1273 1250 1487 1293 notionem
1520 1246 1782 1292 confidendi.

235 1319 617 1374 Frequentissimus
654 1326 718 1364 est
758 1322 971 1377 participii
1014 1321 1298 1373 πεπεισμένος
1342 1334 1455 1374 usus,
1499 1319 1612 1374 quod
1652 1320 1708 1362 69
1722 1320 1784 1362 ies

235 1391 430 1446 occurrit,
463 1405 556 1435 cum
590 1391 848 1435 indicativus
884 1393 948 1442 17,
983 1393 1220 1435 infinitivus
1252 1392 1278 1434 8
1311 1391 1416 1435 locis
1448 1391 1627 1446 legatur.
1692 1390 1783 1433 Hoc

234 1462 404 1504 verbum
455 1462 567 1517 apud
615 1463 836 1518 Polybium
884 1463 925 1505 in
974 1463 1136 1517 antiqui
1182 1463 1363 1518 perfecti
1413 1462 1596 1504 πέποιθα
1645 1461 1783 1504 Ιοοιιιιι

233 1532 488 1575 successisse
525 1534 742 1587 putaveris
783 1533 1068 1587 considerans,
1114 1547 1237 1587 quam
1278 1547 1373 1575 raro
1406 1532 1499 1587 hoc,
1544 1545 1669 1587 quam
1701 1532 1783 1574 fre-

235 1606 421 1657 quenter*
449 1602 551 1646 illud
590 1603 840 1648 inveniatur.
912 1603 1071 1648 Eodem
1117 1618 1199 1659 quo
1243 1603 1357 1660 apud
1398 1603 1617 1659 Polybium
1658 1617 1782 1647 sensu

234 1673 461 1726 πέπεισμαι
493 1673 729 1730 praeditum
764 1679 828 1718 est
859 1676 902 1717 in
934 1675 1116 1731 epistula
1157 1674 1384 1718 chartacea
1415 1688 1527 1717 saec.
1552 1674 1630 1716 11-1.
1662 1674 1782 1726 (Wit-

235 1743 403 1788 kowski
435 1744 478 1798 3,
499 1744 565 1802 4):
609 1746 685 1789 ἐὰν
709 1747 803 1799 ’γὰρ
843 1747 897 1789 σὺ
929 1748 1160 1802 παραγένῃ,
1193 1748 1420 1798 πέπεισμαι
1453 1746 1610 1800 ῥᾳδίως
1642 1749 1782 1800 μεετῷ

235 1818 401 1868 βασιλεῖ
431 1818 777 1869 συσταθήσεσθαι
809 1824 851 1860 et
883 1819 923 1860 in
947 1818 1068 1860 titulo
1090 1818 1187 1860 anni
1211 1817 1296 1859 219
1318 1831 1356 1860 a.
1380 1816 1476 1860 Chr.
1500 1831 1540 1859 n.
1574 1817 1779 1869 (Dittenb.

234 1887 335 1939 238,
354 1888 417 1940 6):
459 1889 685 1940 πέπεισμαι
723 1889 845 1940 ἕτερά
877 1886 924 1931 τε
953 1890 1093 1932 πολλὰ
1124 1891 1210 1931 τῶν
1242 1889 1460 1940 χρησίμων
1499 1888 1674 1930 ἔσεσθαι
1715 1889 1782 1928 καὶ

234 1957 324 2009 ἐμοὶ
356 1959 422 1999 καὶ
453 1962 502 2013 τῇ
534 1959 655 2001 πόλει
688 1991 696 2000 .
733 1993 740 2000 .
776 1992 799 2013 .,
835 1973 926 2001 cum
960 1960 1001 2002 in
1034 1959 1155 2001 titulo
1186 1972 1295 2001 saec.
1327 1973 1366 2001 a.
1390 1958 1487 2001 chr.
1510 1971 1551 2000 ιι.
1574 1958 1628 2000 ΙΙ.
1647 1958 1781 1999 initio

233 2028 392 2083 scripto
437 2028 520 2071 vim
566 2030 681 2071 verbi
727 2029 903 2085 putandi
949 2030 1122 2072 habeat:
1171 2030 1359 2072 Dittenb.
1393 2029 1567 2082 279,16
1605 2029 1656 2070 οὐ
1698 2029 1780 2079 μὴν

234 2097 343 2140 ἀλλὰ
386 2099 452 2141 καί
495 2100 537 2143 ἐξ
581 2099 725 2143 ἄλλων
769 2102 980 2143 πλειόνων
1023 2101 1284 2152 πεπείσμεθα
1321 2103 1522 2152 συμφανῆ
1560 2100 1779 2149 γεγονέναι

234 2170 311 2221 τὴν
342 2163 549 2223 ἡμετέραν
580 2172 641 2223 εἰς
673 2173 721 2214 τὸ
754 2175 870 2214 θεῖον
901 2172 1137 2223 προτιμίαψ
1199 2171 1247 2213 In
1280 2171 1402 2213 titulo
1428 2171 1513 2212 9529
1545 2183 1653 2223 quae
1685 2175 1780 2225 post

234 2241 506 2293 πεπεισμένοι
537 2246 768 2297 sequuntur
799 2242 940 2286 deleta
970 2247 1078 2286 sunt.
1256 2249 1258 2255 “

460 2392 501 2435 3.
537 2392 696 2435 Verba
728 2393 881 2436 animi
914 2393 1170 2436 affectum
1203 2390 1551 2446 designantia.

376 2493 418 2540 a)
448 2489 610 2532 Verba
641 2484 871 2532 timendi.
935 2492 1000 2533 Dc
1037 2491 1228 2546 perfecto
1266 2490 1383 2532 δέδια
1421 2488 1503 2531 huc
1540 2489 1778 2550 referendo,

235 2572 329 2602 cum
372 2561 414 2601 in
459 2560 635 2602 aliorum
680 2573 846 2614 quoque
886 2574 1078 2604 sermone
1115 2573 1198 2602 vox
1236 2560 1453 2602 tritissima
1489 2560 1556 2614 sit,
1601 2573 1694 2624 non
1716 2565 1781 2604 est

196 2677 199 2679 ‚
235 2629 347 2684 quod
387 2631 520 2674 fusius
560 2630 738 2674 dicatur
801 2631 933 2673 Multo
974 2632 1106 2674 rarius
1146 2638 1223 2685 est,
1264 2642 1516 2684 quamquam
1556 2645 1609 2674 ne
1641 2621 1666 2674 a
1698 2633 1780 2688 pri-

234 2714 352 2743 orum
391 2701 560 2755 quidem
594 2703 830 2745 elocutione
862 2702 1057 2755 alienum,
1096 2701 1591 2757 {ardunu1„paveo“.
1654 2697 1781 2758 Apud

234 2771 457 2842 Polybium
490 2773 759 2831 participium
783 2778 941 2815 tantum
965 2763 1133 2814 obvium
1156 2777 1220 2814 est
1240 2763 1487 2826 plerumque
1509 2774 1779 2840 coniunctum

234 2837 328 2891 οιιιιι
366 2854 621 2898 synonymo:
669 2844 710 2898 5,
734 2830 804 2898 36,
827 2844 853 2885 3
897 2833 1205 2895 ἐξεπτοημένον
1246 2842 1314 2884 καὶ
1357 2842 1548 2900 δεδιότας
1568 2838 1636 2899 5,
1658 2839 1729 2894 50,
1752 2845 1780 2887 2
