<?xml version="1.0" encoding="UTF-8"?>
<!DOCTYPE html PUBLIC "-//W3C//DTD XHTML 1.0 Transitional//EN"
    "http://www.w3.org/TR/xhtml1/DTD/xhtml1-transitional.dtd">
<html xmlns="http://www.w3.org/1999/xhtml" xml:lang="en" lang="en">
 <head>
  <title>
</title>
<meta http-equiv="Content-Type" content="text/html;charset=utf-8" />
  <meta name='ocr-system' content='tesseract 3.04.00' />
  <meta name='ocr-capabilities' content='ocr_page ocr_carea ocr_par ocr_line ocrx_word'/>
</head>
<body>
  <div class='ocr_page' id='page_1' title='image "4737857_0083.png"; bbox 0 0 2074 3320; ppageno 0'>
   <div class='ocr_carea' id='block_1_1' title="bbox 850 147 1080 191">
    <p class='ocr_par' dir='ltr' id='par_1_1' title="bbox 850 147 1080 191">
     <span class='ocr_line' id='line_1_1' title="bbox 850 147 1080 191; baseline 0 -10"><span class='ocrx_word' id='word_1_1' title='bbox 850 147 1080 191; x_wconf 64' lang='grc'><strong>,77-</strong></span> 
     </span>
    </p>
   </div>
   <div class='ocr_carea' id='block_1_2' title="bbox 188 269 1737 471">
    <p class='ocr_par' dir='ltr' id='par_1_2' title="bbox 188 269 1737 471">
     <span class='ocr_line' id='line_1_2' title="bbox 188 269 1736 333; baseline -0.003 -14"><span class='ocrx_word' id='word_1_2' title='bbox 188 275 458 333; x_wconf 66' lang='lat' dir='ltr'><strong>exsuperans.</strong></span> <span class='ocrx_word' id='word_1_3' title='bbox 493 306 496 309; x_wconf 78' lang='lat'>·</span> <span class='ocrx_word' id='word_1_4' title='bbox 522 275 807 331; x_wconf 79' lang='lat' dir='ltr'><strong>Exspectatur</strong></span> <span class='ocrx_word' id='word_1_5' title='bbox 843 275 973 329; x_wconf 87' lang='lat' dir='ltr'><strong>igitur</strong></span> <span class='ocrx_word' id='word_1_6' title='bbox 1016 274 1276 326; x_wconf 86' lang='grc' dir='ltr'>διαφέροντα</span> <span class='ocrx_word' id='word_1_7' title='bbox 1306 285 1401 315; x_wconf 62' lang='lat' dir='ltr'><strong>&gt;non</strong></span> <span class='ocrx_word' id='word_1_8' title='bbox 1446 269 1736 325; x_wconf 78' lang='grc' dir='ltr'>διενηνοχότα.</span> 
     </span>
     <span class='ocr_line' id='line_1_3' title="bbox 188 342 1737 403; baseline -0.003 -12"><span class='ocrx_word' id='word_1_9' title='bbox 188 347 323 391; x_wconf 89' lang='lat' dir='ltr'><strong>Huius</strong></span> <span class='ocrx_word' id='word_1_10' title='bbox 352 345 549 403; x_wconf 81' lang='lat' dir='ltr'><strong>perfecti</strong></span> <span class='ocrx_word' id='word_1_11' title='bbox 596 360 673 402; x_wconf 90' lang='lat' dir='ltr'><strong>pro</strong></span> <span class='ocrx_word' id='word_1_12' title='bbox 718 349 942 401; x_wconf 75' lang='lat' dir='ltr'><strong>praesente</strong></span> <span class='ocrx_word' id='word_1_13' title='bbox 988 357 1087 388; x_wconf 86' lang='lat' dir='ltr'><strong>usus</strong></span> <span class='ocrx_word' id='word_1_14' title='bbox 1131 344 1328 400; x_wconf 85' lang='lat' dir='ltr'><strong>exempla</strong></span> <span class='ocrx_word' id='word_1_15' title='bbox 1364 342 1477 400; x_wconf 83' lang='lat' dir='ltr'><strong>apud</strong></span> <span class='ocrx_word' id='word_1_16' title='bbox 1511 343 1737 387; x_wconf 87' lang='lat' dir='ltr'><strong>Atticistas</strong></span> 
     </span>
     <span class='ocr_line' id='line_1_4' title="bbox 189 414 1497 471; baseline -0.002 -11"><span class='ocrx_word' id='word_1_17' title='bbox 189 419 402 460; x_wconf 74' lang='lat' dir='ltr'><strong>exstantia</strong></span> <span class='ocrx_word' id='word_1_18' title='bbox 433 417 648 471; x_wconf 80' lang='lat' dir='ltr'><strong>congessit</strong></span> <span class='ocrx_word' id='word_1_19' title='bbox 680 416 746 458; x_wconf 90' lang='lat' dir='ltr'><strong>W.</strong></span> <span class='ocrx_word' id='word_1_20' title='bbox 779 415 996 458; x_wconf 89' lang='lat' dir='ltr'><strong>SchmidI</strong></span> <span class='ocrx_word' id='word_1_21' title='bbox 1029 428 1070 471; x_wconf 88' lang='lat' dir='ltr'><strong>p.</strong></span> <span class='ocrx_word' id='word_1_22' title='bbox 1093 415 1181 457; x_wconf 89' lang='grc'>240</span> <span class='ocrx_word' id='word_1_23' title='bbox 1212 419 1257 457; x_wconf 91' lang='lat' dir='ltr'><strong>et</strong></span> <span class='ocrx_word' id='word_1_24' title='bbox 1288 414 1329 455; x_wconf 89' lang='lat' dir='ltr'><strong>II</strong></span> <span class='ocrx_word' id='word_1_25' title='bbox 1362 428 1403 469; x_wconf 89' lang='lat' dir='ltr'><strong>p.</strong></span> <span class='ocrx_word' id='word_1_26' title='bbox 1425 414 1497 457; x_wconf 85' lang='lat'><strong>53.</strong></span> 
     </span>
    </p>
   </div>
   <div class='ocr_carea' id='block_1_3' title="bbox 258 537 1631 659">
    <p class='ocr_par' dir='ltr' id='par_1_3' title="bbox 258 537 1631 659">
     <span class='ocr_line' id='line_1_5' title="bbox 258 537 1631 595; baseline -0.001 -12"><span class='ocrx_word' id='word_1_27' title='bbox 258 555 261 558; x_wconf 63' lang='grc'>’</span> <span class='ocrx_word' id='word_1_28' title='bbox 297 541 339 582; x_wconf 72' lang='grc'><strong>5.</strong></span> <span class='ocrx_word' id='word_1_29' title='bbox 374 540 566 592; x_wconf 85' lang='lat' dir='ltr'><strong>Verba,</strong></span> <span class='ocrx_word' id='word_1_30' title='bbox 599 552 808 595; x_wconf 86' lang='lat' dir='ltr'><strong>quorum</strong></span> <span class='ocrx_word' id='word_1_31' title='bbox 841 537 1135 594; x_wconf 83' lang='lat' dir='ltr'><strong>participia</strong></span> <span class='ocrx_word' id='word_1_32' title='bbox 1165 539 1631 584; x_wconf 82' lang='lat' dir='ltr'><strong>substantivorum</strong></span> 
     </span>
     <span class='ocr_line' id='line_1_6' title="bbox 513 609 1422 659; baseline -0.002 -7"><span class='ocrx_word' id='word_1_33' title='bbox 513 614 562 652; x_wconf 86' lang='lat' dir='ltr'><strong>et</strong></span> <span class='ocrx_word' id='word_1_34' title='bbox 593 609 970 659; x_wconf 79' lang='lat' dir='ltr'><strong>adiectivorum</strong></span> <span class='ocrx_word' id='word_1_35' title='bbox 1004 610 1051 650; x_wconf 87' lang='lat' dir='ltr'><strong>vi</strong></span> <span class='ocrx_word' id='word_1_36' title='bbox 1085 610 1422 654; x_wconf 77' lang='lat' dir='ltr'><strong>instruuntur.</strong></span> 
     </span>
    </p>
   </div>
   <div class='ocr_carea' id='block_1_4' title="bbox 192 697 1757 2946">
    <p class='ocr_par' dir='ltr' id='par_1_4' title="bbox 192 697 1757 2946">
     <span class='ocr_line' id='line_1_7' title="bbox 334 697 1742 754; baseline 0 -12"><span class='ocrx_word' id='word_1_37' title='bbox 334 697 522 742; x_wconf 79' lang='lat' dir='ltr'><strong>Perfecti</strong></span> <span class='ocrx_word' id='word_1_38' title='bbox 555 697 873 754; x_wconf 79' lang='lat' dir='ltr'><strong>participiorum</strong></span> <span class='ocrx_word' id='word_1_39' title='bbox 907 711 982 753; x_wconf 89' lang='lat' dir='ltr'><strong>pro</strong></span> <span class='ocrx_word' id='word_1_40' title='bbox 1004 698 1278 742; x_wconf 81' lang='lat' dir='ltr'><strong>substantivis</strong></span> <span class='ocrx_word' id='word_1_41' title='bbox 1310 704 1352 741; x_wconf 90' lang='lat' dir='ltr'><strong>et</strong></span> <span class='ocrx_word' id='word_1_42' title='bbox 1383 697 1607 742; x_wconf 87' lang='lat' dir='ltr'><strong>adiectivis</strong></span> <span class='ocrx_word' id='word_1_43' title='bbox 1628 713 1742 743; x_wconf 90' lang='lat' dir='ltr'><strong>usur·</strong></span> 
     </span>
     <span class='ocr_line' id='line_1_8' title="bbox 192 769 1740 826; baseline -0.001 -13"><span class='ocrx_word' id='word_1_44' title='bbox 192 775 384 826; x_wconf 85' lang='lat' dir='ltr'><strong>patorum</strong></span> <span class='ocrx_word' id='word_1_45' title='bbox 404 770 599 824; x_wconf 86' lang='lat' dir='ltr'><strong>exempla</strong></span> <span class='ocrx_word' id='word_1_46' title='bbox 616 770 699 811; x_wconf 88' lang='lat' dir='ltr'><strong>iam</strong></span> <span class='ocrx_word' id='word_1_47' title='bbox 719 769 849 811; x_wconf 88' lang='lat' dir='ltr'><strong>Attici</strong></span> <span class='ocrx_word' id='word_1_48' title='bbox 870 769 1086 824; x_wconf 78' lang='lat' dir='ltr'><strong>praebent.</strong></span> <span class='ocrx_word' id='word_1_49' title='bbox 1118 769 1198 810; x_wconf 86' lang='lat' dir='ltr'><strong>Hic</strong></span> <span class='ocrx_word' id='word_1_50' title='bbox 1217 781 1315 811; x_wconf 86' lang='lat' dir='ltr'><strong>usus</strong></span> <span class='ocrx_word' id='word_1_51' title='bbox 1333 772 1482 824; x_wconf 87' lang='lat' dir='ltr'><strong>postea</strong></span> <span class='ocrx_word' id='word_1_52' title='bbox 1499 769 1740 813; x_wconf 85' lang='lat' dir='ltr'><strong>crebrescit.</strong></span> 
     </span>
     <span class='ocr_line' id='line_1_9' title="bbox 195 839 1742 896; baseline 0 -12"><span class='ocrx_word' id='word_1_53' title='bbox 195 842 261 884; x_wconf 87' lang='lat' dir='ltr'><strong>Ita</strong></span> <span class='ocrx_word' id='word_1_54' title='bbox 297 840 420 896; x_wconf 75' lang='lat' dir='ltr'><strong>apud</strong></span> <span class='ocrx_word' id='word_1_55' title='bbox 462 840 682 895; x_wconf 83' lang='lat' dir='ltr'><strong>Polybium</strong></span> <span class='ocrx_word' id='word_1_56' title='bbox 726 841 785 882; x_wconf 89' lang='grc' dir='ltr'><strong>τὸ</strong></span> <span class='ocrx_word' id='word_1_57' title='bbox 823 840 1248 890; x_wconf 84' lang='grc' dir='ltr'>συντεταγμένον</span> <span class='ocrx_word' id='word_1_58' title='bbox 1292 839 1402 881; x_wconf 88' lang='lat' dir='ltr'><strong>idem</strong></span> <span class='ocrx_word' id='word_1_59' title='bbox 1447 840 1534 883; x_wconf 83' lang='lat' dir='ltr'><strong>fere</strong></span> <span class='ocrx_word' id='word_1_60' title='bbox 1584 845 1647 883; x_wconf 89' lang='lat' dir='ltr'><strong>est</strong></span> <span class='ocrx_word' id='word_1_61' title='bbox 1690 854 1742 884; x_wconf 85' lang='lat' dir='ltr'><strong>ac</strong></span> 
     </span>
     <span class='ocr_line' id='line_1_10' title="bbox 193 910 1741 966; baseline -0.001 -12"><span class='ocrx_word' id='word_1_62' title='bbox 193 912 308 963; x_wconf 85' lang='grc' dir='ltr'>τάξις</span> <span class='ocrx_word' id='word_1_63' title='bbox 345 910 511 966; x_wconf 83' lang='lat' dir='ltr'><strong>„acies“</strong></span> <span class='ocrx_word' id='word_1_64' title='bbox 547 912 588 964; x_wconf 98' lang='grc'><strong>2,</strong></span> <span class='ocrx_word' id='word_1_65' title='bbox 611 911 681 963; x_wconf 88' lang='grc'><strong>29,</strong></span> <span class='ocrx_word' id='word_1_66' title='bbox 708 913 726 951; x_wconf 95' lang='grc'>1</span> <span class='ocrx_word' id='word_1_67' title='bbox 763 912 895 960; x_wconf 90' lang='grc' dir='ltr'>δῆλον</span> <span class='ocrx_word' id='word_1_68' title='bbox 917 910 976 960; x_wconf 83' lang='grc' dir='ltr'><strong>ὡς</strong></span> <span class='ocrx_word' id='word_1_69' title='bbox 999 911 1123 960; x_wconf 84' lang='grc' dir='ltr'>ξένην</span> <span class='ocrx_word' id='word_1_70' title='bbox 1146 912 1212 951; x_wconf 90' lang='grc' dir='ltr'><strong>καὶ</strong></span> <span class='ocrx_word' id='word_1_71' title='bbox 1243 911 1599 962; x_wconf 83' lang='grc' dir='ltr'>παρηλλαγμένην</span> <span class='ocrx_word' id='word_1_72' title='bbox 1629 911 1741 963; x_wconf 84' lang='grc' dir='ltr'>εἰκὸς</span> 
     </span>
     <span class='ocr_line' id='line_1_11' title="bbox 193 981 1742 1034; baseline 0.001 -10"><span class='ocrx_word' id='word_1_73' title='bbox 193 984 259 1025; x_wconf 86' lang='grc' dir='ltr'><strong>καὶ</strong></span> <span class='ocrx_word' id='word_1_74' title='bbox 290 983 367 1033; x_wconf 86' lang='grc' dir='ltr'>τὴν</span> <span class='ocrx_word' id='word_1_75' title='bbox 399 981 651 1034; x_wconf 83' lang='grc' dir='ltr'>ἐπιφάνειαν</span> <span class='ocrx_word' id='word_1_76' title='bbox 681 981 748 1022; x_wconf 88' lang='grc' dir='ltr'><strong>καὶ</strong></span> <span class='ocrx_word' id='word_1_77' title='bbox 779 981 856 1031; x_wconf 88' lang='grc' dir='ltr'>τὴν</span> <span class='ocrx_word' id='word_1_78' title='bbox 877 981 1022 1032; x_wconf 88' lang='grc' dir='ltr'>χρείαν</span> <span class='ocrx_word' id='word_1_79' title='bbox 1043 981 1271 1032; x_wconf 88' lang='grc' dir='ltr'>φαίνεσθαι</span> <span class='ocrx_word' id='word_1_80' title='bbox 1293 983 1368 1022; x_wconf 84' lang='grc' dir='ltr'><strong>τοῦ</strong></span> <span class='ocrx_word' id='word_1_81' title='bbox 1390 982 1742 1032; x_wconf 85' lang='grc' dir='ltr'>συντεταγμένου.</span> 
     </span>
     <span class='ocr_line' id='line_1_12' title="bbox 193 1050 1741 1107; baseline -0.001 -12"><span class='ocrx_word' id='word_1_82' title='bbox 193 1054 242 1095; x_wconf 92' lang='lat' dir='ltr'><strong>In</strong></span> <span class='ocrx_word' id='word_1_83' title='bbox 274 1052 476 1095; x_wconf 86' lang='lat' dir='ltr'><strong>adiectivi</strong></span> <span class='ocrx_word' id='word_1_84' title='bbox 497 1052 759 1107; x_wconf 87' lang='lat' dir='ltr'><strong>provinciam</strong></span> <span class='ocrx_word' id='word_1_85' title='bbox 782 1051 950 1092; x_wconf 89' lang='lat' dir='ltr'><strong>transiit</strong></span> <span class='ocrx_word' id='word_1_86' title='bbox 981 1051 1064 1092; x_wconf 83' lang='lat' dir='ltr'><strong>iam</strong></span> <span class='ocrx_word' id='word_1_87' title='bbox 1093 1055 1191 1092; x_wconf 86' lang='lat' dir='ltr'><strong>ante</strong></span> <span class='ocrx_word' id='word_1_88' title='bbox 1214 1050 1436 1105; x_wconf 83' lang='lat' dir='ltr'><strong>Polybium</strong></span> <span class='ocrx_word' id='word_1_89' title='bbox 1470 1055 1741 1094; x_wconf 87' lang='grc' dir='ltr'>πεπαιδευ-</span> 
     </span>
     <span class='ocr_line' id='line_1_13' title="bbox 195 1120 1742 1176; baseline 0.001 -11"><span class='ocrx_word' id='word_1_90' title='bbox 195 1124 349 1176; x_wconf 85' lang='grc' dir='ltr'>μένος</span> <span class='ocrx_word' id='word_1_91' title='bbox 383 1122 526 1165; x_wconf 84' lang='lat' dir='ltr'><strong>valens</strong></span> <span class='ocrx_word' id='word_1_92' title='bbox 558 1120 669 1175; x_wconf 90' lang='lat' dir='ltr'><strong>quod</strong></span> <span class='ocrx_word' id='word_1_93' title='bbox 709 1125 918 1164; x_wconf 83' lang='lat' dir='ltr'><strong>nostrates</strong></span> <span class='ocrx_word' id='word_1_94' title='bbox 961 1120 1107 1163; x_wconf 87' lang='lat' dir='ltr'><strong>dicunt</strong></span> <span class='ocrx_word' id='word_1_95' title='bbox 1153 1121 1412 1176; x_wconf 84' lang='lat' dir='ltr'><strong>‚‚gebildet“.</strong></span> <span class='ocrx_word' id='word_1_96' title='bbox 1484 1123 1576 1166; x_wconf 90' lang='lat' dir='ltr'><strong>Hoc</strong></span> <span class='ocrx_word' id='word_1_97' title='bbox 1618 1136 1742 1166; x_wconf 89' lang='lat' dir='ltr'><strong>sensu</strong></span> 
     </span>
     <span class='ocr_line' id='line_1_14' title="bbox 194 1191 1742 1251; baseline 0 -15"><span class='ocrx_word' id='word_1_98' title='bbox 194 1193 307 1250; x_wconf 86' lang='lat' dir='ltr'><strong>apud</strong></span> <span class='ocrx_word' id='word_1_99' title='bbox 341 1193 457 1235; x_wconf 88' lang='lat' dir='ltr'><strong>illum</strong></span> <span class='ocrx_word' id='word_1_100' title='bbox 491 1192 675 1245; x_wconf 74' lang='lat' dir='ltr'><strong>occurrit</strong></span> <span class='ocrx_word' id='word_1_101' title='bbox 711 1193 775 1244; x_wconf 90' lang='grc'><strong>12,</strong></span> <span class='ocrx_word' id='word_1_102' title='bbox 804 1192 869 1245; x_wconf 87' lang='grc'>13,</span> <span class='ocrx_word' id='word_1_103' title='bbox 888 1192 914 1233; x_wconf 88' lang='grc'>2</span> <span class='ocrx_word' id='word_1_104' title='bbox 946 1191 1104 1242; x_wconf 85' lang='grc' dir='ltr'>ταύτην</span> <span class='ocrx_word' id='word_1_105' title='bbox 1136 1193 1181 1233; x_wconf 81' lang='grc' dir='ltr'><strong>δὲ</strong></span> <span class='ocrx_word' id='word_1_106' title='bbox 1212 1193 1289 1242; x_wconf 80' lang='grc' dir='ltr'>τὴν</span> <span class='ocrx_word' id='word_1_107' title='bbox 1311 1193 1538 1251; x_wconf 81' lang='grc' dir='ltr'>λοιδορίαν</span> <span class='ocrx_word' id='word_1_108' title='bbox 1563 1226 1572 1235; x_wconf 93' lang='grc'>.</span> <span class='ocrx_word' id='word_1_109' title='bbox 1597 1226 1606 1235; x_wconf 99' lang='grc'>.</span> <span class='ocrx_word' id='word_1_110' title='bbox 1631 1226 1640 1236; x_wconf 94' lang='grc'>.</span> <span class='ocrx_word' id='word_1_111' title='bbox 1664 1194 1742 1245; x_wconf 87' lang='grc' dir='ltr'><strong>οὐχ</strong></span> 
     </span>
     <span class='ocr_line' id='line_1_15' title="bbox 194 1261 1743 1315; baseline 0 -9"><span class='ocrx_word' id='word_1_112' title='bbox 194 1263 288 1306; x_wconf 82' lang='grc' dir='ltr'>οἷον</span> <span class='ocrx_word' id='word_1_113' title='bbox 320 1263 375 1305; x_wconf 60' lang='grc' dir='ltr'><strong>ἄν.</strong></span> <span class='ocrx_word' id='word_1_114' title='bbox 398 1277 461 1315; x_wconf 85' lang='grc' dir='ltr'><strong>τις</strong></span> <span class='ocrx_word' id='word_1_115' title='bbox 485 1263 646 1304; x_wconf 86' lang='grc' dir='ltr'>διέθετο</span> <span class='ocrx_word' id='word_1_116' title='bbox 667 1263 1004 1313; x_wconf 83' lang='grc' dir='ltr'>πεπαιδευμένος</span> <span class='ocrx_word' id='word_1_117' title='bbox 1027 1261 1151 1313; x_wconf 90' lang='grc' dir='ltr'>ἀνήρ.</span> <span class='ocrx_word' id='word_1_118' title='bbox 1215 1262 1362 1315; x_wconf 84' lang='lat' dir='ltr'><strong>Neque</strong></span> <span class='ocrx_word' id='word_1_119' title='bbox 1383 1264 1520 1306; x_wconf 88' lang='lat' dir='ltr'><strong>minus</strong></span> <span class='ocrx_word' id='word_1_120' title='bbox 1541 1264 1743 1307; x_wconf 87' lang='lat' dir='ltr'><strong>adiectivi</strong></span> 
     </span>
     <span class='ocr_line' id='line_1_16' title="bbox 195 1333 1740 1388; baseline 0 -11"><span class='ocrx_word' id='word_1_121' title='bbox 195 1335 311 1377; x_wconf 91' lang='lat' dir='ltr'><strong>vices</strong></span> <span class='ocrx_word' id='word_1_122' title='bbox 342 1334 528 1388; x_wconf 85' lang='lat' dir='ltr'><strong>suscepit</strong></span> <span class='ocrx_word' id='word_1_123' title='bbox 559 1333 1024 1385; x_wconf 87' lang='grc' dir='ltr'>παρηλλαγμένος,</span> <span class='ocrx_word' id='word_1_124' title='bbox 1059 1333 1176 1374; x_wconf 89' lang='lat' dir='ltr'><strong>cuius</strong></span> <span class='ocrx_word' id='word_1_125' title='bbox 1206 1333 1467 1386; x_wconf 79' lang='lat' dir='ltr'><strong>significatio</strong></span> <span class='ocrx_word' id='word_1_126' title='bbox 1498 1334 1668 1377; x_wconf 88' lang='lat' dir='ltr'><strong>accedit</strong></span> <span class='ocrx_word' id='word_1_127' title='bbox 1687 1335 1740 1377; x_wconf 85' lang='lat' dir='ltr'><strong>ad</strong></span> 
     </span>
     <span class='ocr_line' id='line_1_17' title="bbox 199 1403 1743 1460; baseline 0.001 -14"><span class='ocrx_word' id='word_1_128' title='bbox 199 1405 462 1460; x_wconf 85' lang='lat' dir='ltr'><strong>„insolitus“.</strong></span> <span class='ocrx_word' id='word_1_129' title='bbox 525 1403 618 1454; x_wconf 85' lang='lat' dir='ltr'><strong>Qua</strong></span> <span class='ocrx_word' id='word_1_130' title='bbox 657 1405 696 1444; x_wconf 86' lang='lat' dir='ltr'><strong>vi</strong></span> <span class='ocrx_word' id='word_1_131' title='bbox 736 1408 925 1445; x_wconf 84' lang='lat' dir='ltr'><strong>ornatum</strong></span> <span class='ocrx_word' id='word_1_132' title='bbox 960 1403 1143 1445; x_wconf 88' lang='lat' dir='ltr'><strong>occurrit</strong></span> <span class='ocrx_word' id='word_1_133' title='bbox 1179 1405 1215 1455; x_wconf 96' lang='grc'>1,</span> <span class='ocrx_word' id='word_1_134' title='bbox 1239 1403 1308 1454; x_wconf 75' lang='lat'><strong>79,</strong></span> <span class='ocrx_word' id='word_1_135' title='bbox 1330 1404 1358 1443; x_wconf 89' lang='lat'>4</span> <span class='ocrx_word' id='word_1_136' title='bbox 1389 1405 1743 1456; x_wconf 89' lang='grc' dir='ltr'>παρηλλαγμένας</span> 
     </span>
     <span class='ocr_line' id='line_1_18' title="bbox 195 1473 1745 1526; baseline 0.002 -10"><span class='ocrx_word' id='word_1_137' title='bbox 195 1476 468 1526; x_wconf 84' lang='grc' dir='ltr'>ἐπινοοῦντες</span> <span class='ocrx_word' id='word_1_138' title='bbox 490 1474 711 1525; x_wconf 80' lang='grc' dir='ltr'>τιμωρίας;</span> <span class='ocrx_word' id='word_1_139' title='bbox 745 1474 783 1523; x_wconf 89' lang='grc'><strong>2,</strong></span> <span class='ocrx_word' id='word_1_140' title='bbox 805 1473 875 1524; x_wconf 91' lang='grc'><strong>29,</strong></span> <span class='ocrx_word' id='word_1_141' title='bbox 904 1475 918 1514; x_wconf 92' lang='grc'>1</span> <span class='ocrx_word' id='word_1_142' title='bbox 957 1474 1081 1523; x_wconf 86' lang='grc' dir='ltr'>ξένην</span> <span class='ocrx_word' id='word_1_143' title='bbox 1103 1473 1170 1514; x_wconf 83' lang='grc' dir='ltr'><strong>καὶ</strong></span> <span class='ocrx_word' id='word_1_144' title='bbox 1193 1475 1547 1525; x_wconf 85' lang='grc' dir='ltr'>παρηλλαγμένην</span> <span class='ocrx_word' id='word_1_145' title='bbox 1565 1507 1573 1515; x_wconf 93' lang='grc'>.</span> <span class='ocrx_word' id='word_1_146' title='bbox 1595 1507 1605 1517; x_wconf 93' lang='grc'>.</span> <span class='ocrx_word' id='word_1_147' title='bbox 1625 1509 1634 1519; x_wconf 89' lang='grc'><strong>.</strong></span> <span class='ocrx_word' id='word_1_148' title='bbox 1658 1476 1745 1518; x_wconf 88' lang='grc' dir='ltr'>ἐπι·</span> 
     </span>
     <span class='ocr_line' id='line_1_19' title="bbox 196 1543 1746 1601; baseline 0.001 -14"><span class='ocrx_word' id='word_1_149' title='bbox 196 1545 398 1598; x_wconf 88' lang='grc' dir='ltr'>φάνειαν;</span> <span class='ocrx_word' id='word_1_150' title='bbox 431 1544 471 1598; x_wconf 96' lang='grc'>3,</span> <span class='ocrx_word' id='word_1_151' title='bbox 487 1544 557 1598; x_wconf 91' lang='grc'>55,</span> <span class='ocrx_word' id='word_1_152' title='bbox 579 1546 593 1586; x_wconf 98' lang='lat' dir='ltr'><strong>l</strong></span> <span class='ocrx_word' id='word_1_153' title='bbox 621 1544 670 1586; x_wconf 80' lang='grc' dir='ltr'><strong>τὸ</strong></span> <span class='ocrx_word' id='word_1_154' title='bbox 691 1544 772 1595; x_wconf 88' lang='grc' dir='ltr'>γὰρ</span> <span class='ocrx_word' id='word_1_155' title='bbox 804 1546 1042 1596; x_wconf 83' lang='grc' dir='ltr'>συμβαῖνον</span> <span class='ocrx_word' id='word_1_156' title='bbox 1073 1543 1183 1586; x_wconf 87' lang='grc' dir='ltr'>ἴδιον</span> <span class='ocrx_word' id='word_1_157' title='bbox 1209 1543 1261 1594; x_wconf 87' lang='grc' dir='ltr'>ἦν</span> <span class='ocrx_word' id='word_1_158' title='bbox 1283 1545 1349 1586; x_wconf 90' lang='grc' dir='ltr'><strong>καὶ</strong></span> <span class='ocrx_word' id='word_1_159' title='bbox 1371 1547 1746 1601; x_wconf 63' lang='grc' dir='ltr'>παρηλλαγμένον,</span> 
     </span>
     <span class='ocr_line' id='line_1_20' title="bbox 197 1614 1745 1672; baseline 0.001 -14"><span class='ocrx_word' id='word_1_160' title='bbox 197 1616 419 1672; x_wconf 77' lang='lat' dir='ltr'><strong>praeterea</strong></span> <span class='ocrx_word' id='word_1_161' title='bbox 438 1616 660 1668; x_wconf 85' lang='grc'>4,15,11;</span> <span class='ocrx_word' id='word_1_162' title='bbox 692 1615 904 1667; x_wconf 78' lang='grc'>4,38,12;</span> <span class='ocrx_word' id='word_1_163' title='bbox 937 1615 979 1667; x_wconf 85' lang='grc'>5,</span> <span class='ocrx_word' id='word_1_164' title='bbox 994 1614 1127 1665; x_wconf 83' lang='lat'>48‚9;</span> <span class='ocrx_word' id='word_1_165' title='bbox 1153 1615 1310 1667; x_wconf 80' lang='lat'><strong>7‚7,4;</strong></span> <span class='ocrx_word' id='word_1_166' title='bbox 1344 1615 1384 1667; x_wconf 85' lang='lat'><strong>7,</strong></span> <span class='ocrx_word' id='word_1_167' title='bbox 1402 1615 1531 1668; x_wconf 76' lang='grc' dir='ltr'>17,’ῒ;</span> <span class='ocrx_word' id='word_1_168' title='bbox 1555 1617 1596 1670; x_wconf 91' lang='lat'><strong>8,</strong></span> <span class='ocrx_word' id='word_1_169' title='bbox 1610 1617 1745 1672; x_wconf 60' lang='lat'><strong>3253</strong></span> 
     </span>
     <span class='ocr_line' id='line_1_21' title="bbox 201 1685 1747 1740; baseline 0.001 -10"><span class='ocrx_word' id='word_1_170' title='bbox 201 1687 268 1739; x_wconf 83' lang='lat'><strong>14,</strong></span> <span class='ocrx_word' id='word_1_171' title='bbox 291 1687 333 1740; x_wconf 88' lang='lat'><strong>5,</strong></span> <span class='ocrx_word' id='word_1_172' title='bbox 360 1685 435 1739; x_wconf 78' lang='lat'><strong>123</strong></span> <span class='ocrx_word' id='word_1_173' title='bbox 487 1686 556 1739; x_wconf 94' lang='lat'><strong>15,</strong></span> <span class='ocrx_word' id='word_1_174' title='bbox 584 1687 648 1738; x_wconf 89' lang='grc'><strong>12,</strong></span> <span class='ocrx_word' id='word_1_175' title='bbox 672 1685 718 1736; x_wconf 87' lang='grc'><strong>9;</strong></span> <span class='ocrx_word' id='word_1_176' title='bbox 764 1685 835 1737; x_wconf 88' lang='grc'>38,</span> <span class='ocrx_word' id='word_1_177' title='bbox 862 1686 927 1737; x_wconf 90' lang='grc'>16,</span> <span class='ocrx_word' id='word_1_178' title='bbox 954 1686 974 1728; x_wconf 79' lang='grc' dir='ltr'><strong><em>Ἰ</em></strong></span> <span class='ocrx_word' id='word_1_179' title='bbox 1009 1698 1176 1740; x_wconf 85' lang='lat' dir='ltr'><strong>semper</strong></span> <span class='ocrx_word' id='word_1_180' title='bbox 1216 1685 1308 1728; x_wconf 84' lang='lat' dir='ltr'><strong>fere</strong></span> <span class='ocrx_word' id='word_1_181' title='bbox 1352 1687 1619 1730; x_wconf 90' lang='lat' dir='ltr'><strong>coniunctum</strong></span> <span class='ocrx_word' id='word_1_182' title='bbox 1651 1702 1747 1731; x_wconf 92' lang='lat' dir='ltr'><strong>cum</strong></span> 
     </span>
     <span class='ocr_line' id='line_1_22' title="bbox 197 1754 1748 1812; baseline 0.002 -13"><span class='ocrx_word' id='word_1_183' title='bbox 197 1769 448 1812; x_wconf 86' lang='lat' dir='ltr'><strong>synonymo.</strong></span> <span class='ocrx_word' id='word_1_184' title='bbox 497 1754 618 1806; x_wconf 83' lang='lat' dir='ltr'><strong>Quod</strong></span> <span class='ocrx_word' id='word_1_185' title='bbox 638 1756 818 1811; x_wconf 88' lang='lat' dir='ltr'><strong>scriptor</strong></span> <span class='ocrx_word' id='word_1_186' title='bbox 834 1755 1064 1809; x_wconf 84' lang='lat' dir='ltr'><strong>adiungere</strong></span> <span class='ocrx_word' id='word_1_187' title='bbox 1078 1755 1185 1797; x_wconf 86' lang='lat' dir='ltr'><strong>solet</strong></span> <span class='ocrx_word' id='word_1_188' title='bbox 1199 1768 1274 1811; x_wconf 90' lang='lat' dir='ltr'><strong>pro</strong></span> <span class='ocrx_word' id='word_1_189' title='bbox 1292 1755 1376 1802; x_wconf 42' lang='lat' dir='ltr'><strong>fusi.</strong></span> <span class='ocrx_word' id='word_1_190' title='bbox 1387 1757 1556 1811; x_wconf 87' lang='lat' dir='ltr'><strong>generis</strong></span> <span class='ocrx_word' id='word_1_191' title='bbox 1577 1757 1748 1802; x_wconf 88' lang='lat' dir='ltr'><strong>dicendi</strong></span> 
     </span>
     <span class='ocr_line' id='line_1_23' title="bbox 198 1826 1749 1886; baseline 0.003 -15"><span class='ocrx_word' id='word_1_192' title='bbox 198 1826 339 1872; x_wconf 87' lang='lat' dir='ltr'><strong>studio</strong></span> <span class='ocrx_word' id='word_1_193' title='bbox 371 1841 460 1882; x_wconf 93' lang='lat' dir='ltr'><strong>suo,</strong></span> <span class='ocrx_word' id='word_1_194' title='bbox 507 1827 563 1870; x_wconf 85' lang='lat' dir='ltr'><strong>cf.</strong></span> <span class='ocrx_word' id='word_1_195' title='bbox 597 1826 800 1881; x_wconf 88' lang='lat' dir='ltr'><strong>Kaelker,</strong></span> <span class='ocrx_word' id='word_1_196' title='bbox 845 1827 1114 1881; x_wconf 84' lang='lat' dir='ltr'><strong>quaestiones</strong></span> <span class='ocrx_word' id='word_1_197' title='bbox 1146 1827 1198 1870; x_wconf 88' lang='lat' dir='ltr'><strong>de</strong></span> <span class='ocrx_word' id='word_1_198' title='bbox 1230 1827 1466 1871; x_wconf 88' lang='lat' dir='ltr'><strong>elocutione</strong></span> <span class='ocrx_word' id='word_1_199' title='bbox 1498 1829 1749 1886; x_wconf 86' lang='lat' dir='ltr'><strong>Polybiana,</strong></span> 
     </span>
     <span class='ocr_line' id='line_1_24' title="bbox 202 1898 1750 1955; baseline 0.001 -13"><span class='ocrx_word' id='word_1_200' title='bbox 202 1899 429 1955; x_wconf 88' lang='lat' dir='ltr'><strong>Leipziger</strong></span> <span class='ocrx_word' id='word_1_201' title='bbox 472 1898 650 1941; x_wconf 87' lang='lat' dir='ltr'><strong>Studien</strong></span> <span class='ocrx_word' id='word_1_202' title='bbox 691 1899 754 1940; x_wconf 86' lang='lat'><strong>111</strong></span> <span class='ocrx_word' id='word_1_203' title='bbox 809 1912 849 1953; x_wconf 91' lang='lat' dir='ltr'><strong>p.</strong></span> <span class='ocrx_word' id='word_1_204' title='bbox 883 1899 969 1941; x_wconf 79' lang='grc'><strong>272</strong></span> <span class='ocrx_word' id='word_1_205' title='bbox 1000 1911 1092 1952; x_wconf 84' lang='lat' dir='ltr'><strong>sqq.</strong></span> <span class='ocrx_word' id='word_1_206' title='bbox 1155 1898 1291 1940; x_wconf 87' lang='lat' dir='ltr'><strong>Simili</strong></span> <span class='ocrx_word' id='word_1_207' title='bbox 1335 1899 1461 1941; x_wconf 90' lang='lat' dir='ltr'><strong>modo</strong></span> <span class='ocrx_word' id='word_1_208' title='bbox 1506 1900 1750 1952; x_wconf 87' lang='grc' dir='ltr'>ἐξηλλαγ-</span> 
     </span>
     <span class='ocr_line' id='line_1_25' title="bbox 200 1968 1748 2025; baseline 0.001 -12"><span class='ocrx_word' id='word_1_209' title='bbox 200 1971 351 2023; x_wconf 88' lang='grc' dir='ltr'>μένος</span> <span class='ocrx_word' id='word_1_210' title='bbox 396 1973 624 2025; x_wconf 89' lang='lat' dir='ltr'><strong>usurpatur</strong></span> <span class='ocrx_word' id='word_1_211' title='bbox 672 1982 747 2024; x_wconf 91' lang='lat' dir='ltr'><strong>pro</strong></span> <span class='ocrx_word' id='word_1_212' title='bbox 795 1982 844 2011; x_wconf 94' lang='lat' dir='ltr'><strong>eo</strong></span> <span class='ocrx_word' id='word_1_213' title='bbox 888 1968 1000 2022; x_wconf 89' lang='lat' dir='ltr'><strong>quod</strong></span> <span class='ocrx_word' id='word_1_214' title='bbox 1046 1974 1111 2015; x_wconf 84' lang='lat' dir='ltr'><strong>est</strong></span> <span class='ocrx_word' id='word_1_215' title='bbox 1158 1968 1400 2022; x_wconf 85' lang='lat' dir='ltr'><strong>„diversus“</strong></span> <span class='ocrx_word' id='word_1_216' title='bbox 1436 1971 1478 2019; x_wconf 84' lang='lat'><strong>3,</strong></span> <span class='ocrx_word' id='word_1_217' title='bbox 1507 1971 1577 2024; x_wconf 88' lang='grc'>58,</span> <span class='ocrx_word' id='word_1_218' title='bbox 1610 1972 1636 2013; x_wconf 92' lang='grc'>8</span> <span class='ocrx_word' id='word_1_219' title='bbox 1670 2004 1680 2014; x_wconf 88' lang='grc'>.</span> <span class='ocrx_word' id='word_1_220' title='bbox 1705 2004 1714 2014; x_wconf 82' lang='grc'>,</span> <span class='ocrx_word' id='word_1_221' title='bbox 1739 2004 1748 2014; x_wconf 95' lang='grc'>.</span> 
     </span>
     <span class='ocr_line' id='line_1_26' title="bbox 200 2039 1750 2094; baseline 0.001 -12"><span class='ocrx_word' id='word_1_222' title='bbox 200 2041 498 2091; x_wconf 89' lang='grc' dir='ltr'>χαλεπώτερον</span> <span class='ocrx_word' id='word_1_223' title='bbox 530 2039 598 2081; x_wconf 88' lang='grc' dir='ltr'><strong>διὰ</strong></span> <span class='ocrx_word' id='word_1_224' title='bbox 631 2039 762 2091; x_wconf 86' lang='grc' dir='ltr'>λόγου</span> <span class='ocrx_word' id='word_1_225' title='bbox 783 2053 821 2080; x_wconf 92' lang='grc' dir='ltr'><strong>τι</strong></span> <span class='ocrx_word' id='word_1_226' title='bbox 852 2041 1011 2088; x_wconf 88' lang='grc' dir='ltr'>γνῶναι</span> <span class='ocrx_word' id='word_1_227' title='bbox 1043 2040 1109 2080; x_wconf 91' lang='grc' dir='ltr'><strong>καὶ</strong></span> <span class='ocrx_word' id='word_1_228' title='bbox 1142 2041 1290 2090; x_wconf 86' lang='grc' dir='ltr'>μαθεῖν</span> <span class='ocrx_word' id='word_1_229' title='bbox 1321 2039 1390 2081; x_wconf 87' lang='grc' dir='ltr'><strong>διὰ</strong></span> <span class='ocrx_word' id='word_1_230' title='bbox 1422 2041 1470 2082; x_wconf 86' lang='grc' dir='ltr'><strong>τὸ</strong></span> <span class='ocrx_word' id='word_1_231' title='bbox 1503 2043 1578 2093; x_wconf 90' lang='grc' dir='ltr'><strong>τῆς</strong></span> <span class='ocrx_word' id='word_1_232' title='bbox 1600 2045 1750 2094; x_wconf 86' lang='grc' dir='ltr'>φωνῆς</span> 
     </span>
     <span class='ocr_line' id='line_1_27' title="bbox 200 2110 1749 2163; baseline 0.001 -10"><span class='ocrx_word' id='word_1_233' title='bbox 200 2111 512 2162; x_wconf 84' lang='grc' dir='ltr'>ἐξηλλαγμένον</span> <span class='ocrx_word' id='word_1_234' title='bbox 543 2115 585 2153; x_wconf 91' lang='lat' dir='ltr'><strong>et</strong></span> <span class='ocrx_word' id='word_1_235' title='bbox 615 2111 686 2163; x_wconf 86' lang='lat'><strong>30,</strong></span> <span class='ocrx_word' id='word_1_236' title='bbox 709 2111 778 2163; x_wconf 87' lang='grc'>24,</span> <span class='ocrx_word' id='word_1_237' title='bbox 802 2111 829 2152; x_wconf 87' lang='grc'>2</span> <span class='ocrx_word' id='word_1_238' title='bbox 860 2110 936 2152; x_wconf 84' lang='grc' dir='ltr'>ἐὰν</span> <span class='ocrx_word' id='word_1_239' title='bbox 958 2112 1012 2161; x_wconf 93' lang='grc' dir='ltr'><strong>μή</strong></span> <span class='ocrx_word' id='word_1_240' title='bbox 1044 2125 1081 2151; x_wconf 88' lang='grc' dir='ltr'><strong>τι</strong></span> <span class='ocrx_word' id='word_1_241' title='bbox 1103 2111 1355 2161; x_wconf 89' lang='grc' dir='ltr'>παράλογον</span> <span class='ocrx_word' id='word_1_242' title='bbox 1386 2116 1543 2154; x_wconf 86' lang='grc' dir='ltr'>ποιῶσι</span> <span class='ocrx_word' id='word_1_243' title='bbox 1575 2114 1642 2154; x_wconf 84' lang='grc' dir='ltr'><strong>καὶ</strong></span> <span class='ocrx_word' id='word_1_244' title='bbox 1663 2116 1749 2154; x_wconf 85' lang='grc' dir='ltr'>τῶν</span> 
     </span>
     <span class='ocr_line' id='line_1_28' title="bbox 207 2180 1749 2238; baseline 0.002 -15"><span class='ocrx_word' id='word_1_245' title='bbox 207 2181 350 2223; x_wconf 86' lang='grc' dir='ltr'>ἄλλων</span> <span class='ocrx_word' id='word_1_246' title='bbox 389 2181 713 2232; x_wconf 84' lang='grc' dir='ltr'>ἐξηλλαγμένον.</span> <span class='ocrx_word' id='word_1_247' title='bbox 779 2180 884 2222; x_wconf 89' lang='lat' dir='ltr'><strong>Cum</strong></span> <span class='ocrx_word' id='word_1_248' title='bbox 931 2180 1059 2222; x_wconf 87' lang='lat' dir='ltr'><strong>semel</strong></span> <span class='ocrx_word' id='word_1_249' title='bbox 1100 2186 1241 2224; x_wconf 83' lang='lat' dir='ltr'><strong>essent</strong></span> <span class='ocrx_word' id='word_1_250' title='bbox 1282 2182 1507 2238; x_wconf 81' lang='lat' dir='ltr'><strong>participia</strong></span> <span class='ocrx_word' id='word_1_251' title='bbox 1538 2195 1646 2237; x_wconf 88' lang='lat' dir='ltr'><strong>quae</strong></span> <span class='ocrx_word' id='word_1_252' title='bbox 1677 2182 1749 2226; x_wconf 89' lang='lat' dir='ltr'><strong>ad-</strong></span> 
     </span>
     <span class='ocr_line' id='line_1_29' title="bbox 201 2251 1751 2309; baseline 0.001 -15"><span class='ocrx_word' id='word_1_253' title='bbox 201 2251 450 2294; x_wconf 86' lang='lat' dir='ltr'><strong>iectivorum</strong></span> <span class='ocrx_word' id='word_1_254' title='bbox 488 2264 660 2294; x_wconf 86' lang='lat' dir='ltr'><strong>munera</strong></span> <span class='ocrx_word' id='word_1_255' title='bbox 698 2252 995 2307; x_wconf 85' lang='lat' dir='ltr'><strong>suscepissent,</strong></span> <span class='ocrx_word' id='word_1_256' title='bbox 1041 2251 1143 2305; x_wconf 90' lang='lat' dir='ltr'><strong>quid</strong></span> <span class='ocrx_word' id='word_1_257' title='bbox 1187 2253 1325 2306; x_wconf 86' lang='lat' dir='ltr'><strong>magis</strong></span> <span class='ocrx_word' id='word_1_258' title='bbox 1361 2253 1403 2295; x_wconf 89' lang='lat' dir='ltr'><strong>in</strong></span> <span class='ocrx_word' id='word_1_259' title='bbox 1435 2259 1629 2309; x_wconf 89' lang='lat' dir='ltr'><strong>promptu</strong></span> <span class='ocrx_word' id='word_1_260' title='bbox 1659 2259 1751 2296; x_wconf 86' lang='lat' dir='ltr'><strong>erat</strong></span> 
     </span>
     <span class='ocr_line' id='line_1_30' title="bbox 205 2321 1751 2378; baseline 0.001 -13"><span class='ocrx_word' id='word_1_261' title='bbox 205 2335 328 2377; x_wconf 85' lang='lat' dir='ltr'><strong>quam</strong></span> <span class='ocrx_word' id='word_1_262' title='bbox 361 2321 508 2364; x_wconf 90' lang='lat' dir='ltr'><strong>talium</strong></span> <span class='ocrx_word' id='word_1_263' title='bbox 541 2322 846 2365; x_wconf 86' lang='lat' dir='ltr'><strong>adiectivorum</strong></span> <span class='ocrx_word' id='word_1_264' title='bbox 869 2322 996 2364; x_wconf 88' lang='lat' dir='ltr'><strong>etiam</strong></span> <span class='ocrx_word' id='word_1_265' title='bbox 1028 2321 1232 2364; x_wconf 87' lang='lat' dir='ltr'><strong>adverbia</strong></span> <span class='ocrx_word' id='word_1_266' title='bbox 1263 2323 1556 2366; x_wconf 82' lang='lat' dir='ltr'><strong>conformare?</strong></span> <span class='ocrx_word' id='word_1_267' title='bbox 1603 2323 1751 2378; x_wconf 88' lang='lat' dir='ltr'><strong>Itaque</strong></span> 
     </span>
     <span class='ocr_line' id='line_1_31' title="bbox 203 2393 1750 2449; baseline 0.001 -14"><span class='ocrx_word' id='word_1_268' title='bbox 203 2407 285 2448; x_wconf 88' lang='lat' dir='ltr'><strong>quo</strong></span> <span class='ocrx_word' id='word_1_269' title='bbox 317 2393 474 2436; x_wconf 90' lang='lat' dir='ltr'><strong>maiore</strong></span> <span class='ocrx_word' id='word_1_270' title='bbox 505 2393 646 2436; x_wconf 86' lang='lat' dir='ltr'><strong>studio</strong></span> <span class='ocrx_word' id='word_1_271' title='bbox 678 2394 859 2437; x_wconf 87' lang='lat' dir='ltr'><strong>seriores</strong></span> <span class='ocrx_word' id='word_1_272' title='bbox 890 2407 967 2449; x_wconf 90' lang='lat' dir='ltr'><strong>pro</strong></span> <span class='ocrx_word' id='word_1_273' title='bbox 999 2393 1224 2437; x_wconf 86' lang='lat' dir='ltr'><strong>adiectivis</strong></span> <span class='ocrx_word' id='word_1_274' title='bbox 1256 2393 1481 2449; x_wconf 80' lang='lat' dir='ltr'><strong>participia</strong></span> <span class='ocrx_word' id='word_1_275' title='bbox 1513 2395 1619 2449; x_wconf 79' lang='lat' dir='ltr'><strong>perf.</strong></span> <span class='ocrx_word' id='word_1_276' title='bbox 1652 2395 1750 2437; x_wconf 90' lang='lat' dir='ltr'><strong>scri-</strong></span> 
     </span>
     <span class='ocr_line' id='line_1_32' title="bbox 206 2463 1751 2519; baseline 0 -12"><span class='ocrx_word' id='word_1_277' title='bbox 206 2465 305 2507; x_wconf 88' lang='lat' dir='ltr'><strong>bere</strong></span> <span class='ocrx_word' id='word_1_278' title='bbox 357 2469 602 2519; x_wconf 87' lang='lat' dir='ltr'><strong>coeperunt,</strong></span> <span class='ocrx_word' id='word_1_279' title='bbox 655 2477 706 2507; x_wconf 91' lang='lat' dir='ltr'><strong>eo</strong></span> <span class='ocrx_word' id='word_1_280' title='bbox 757 2464 877 2519; x_wconf 89' lang='lat' dir='ltr'><strong>plura</strong></span> <span class='ocrx_word' id='word_1_281' title='bbox 929 2463 1143 2519; x_wconf 88' lang='lat' dir='ltr'><strong>participii</strong></span> <span class='ocrx_word' id='word_1_282' title='bbox 1196 2463 1398 2506; x_wconf 82' lang='lat' dir='ltr'><strong>adverbia</strong></span> <span class='ocrx_word' id='word_1_283' title='bbox 1449 2469 1592 2506; x_wconf 86' lang='lat' dir='ltr'><strong>creata</strong></span> <span class='ocrx_word' id='word_1_284' title='bbox 1641 2470 1751 2507; x_wconf 87' lang='lat' dir='ltr'><strong>sunt.</strong></span> 
     </span>
     <span class='ocr_line' id='line_1_33' title="bbox 203 2533 1750 2590; baseline 0.001 -13"><span class='ocrx_word' id='word_1_285' title='bbox 203 2534 355 2588; x_wconf 89' lang='lat' dir='ltr'><strong>Neque</strong></span> <span class='ocrx_word' id='word_1_286' title='bbox 377 2537 520 2576; x_wconf 89' lang='lat' dir='ltr'><strong>tamen</strong></span> <span class='ocrx_word' id='word_1_287' title='bbox 541 2548 568 2577; x_wconf 89' lang='lat' dir='ltr'><strong>a</strong></span> <span class='ocrx_word' id='word_1_288' title='bbox 600 2536 782 2590; x_wconf 88' lang='lat' dir='ltr'><strong>priorum</strong></span> <span class='ocrx_word' id='word_1_289' title='bbox 806 2548 995 2577; x_wconf 90' lang='lat' dir='ltr'><strong>sermone</strong></span> <span class='ocrx_word' id='word_1_290' title='bbox 1026 2534 1166 2577; x_wconf 86' lang='lat' dir='ltr'><strong>aliena</strong></span> <span class='ocrx_word' id='word_1_291' title='bbox 1187 2539 1283 2576; x_wconf 90' lang='lat' dir='ltr'><strong>sunt</strong></span> <span class='ocrx_word' id='word_1_292' title='bbox 1304 2533 1509 2576; x_wconf 88' lang='lat' dir='ltr'><strong>eiusmodi</strong></span> <span class='ocrx_word' id='word_1_293' title='bbox 1532 2533 1750 2583; x_wconf 85' lang='lat' dir='ltr'><strong>adverbia,</strong></span> 
     </span>
     <span class='ocr_line' id='line_1_34' title="bbox 205 2604 1753 2660; baseline 0 -12"><span class='ocrx_word' id='word_1_294' title='bbox 205 2605 304 2660; x_wconf 86' lang='lat' dir='ltr'><strong>quin</strong></span> <span class='ocrx_word' id='word_1_295' title='bbox 351 2604 435 2647; x_wconf 89' lang='lat' dir='ltr'><strong>iam</strong></span> <span class='ocrx_word' id='word_1_296' title='bbox 479 2604 520 2647; x_wconf 88' lang='lat' dir='ltr'><strong>in</strong></span> <span class='ocrx_word' id='word_1_297' title='bbox 565 2605 822 2648; x_wconf 81' lang='lat' dir='ltr'><strong>carminibus</strong></span> <span class='ocrx_word' id='word_1_298' title='bbox 854 2604 1090 2647; x_wconf 88' lang='lat' dir='ltr'><strong>Homericis</strong></span> <span class='ocrx_word' id='word_1_299' title='bbox 1133 2608 1311 2660; x_wconf 87' lang='lat' dir='ltr'><strong>apparet</strong></span> <span class='ocrx_word' id='word_1_300' title='bbox 1356 2604 1605 2657; x_wconf 84' lang='grc' dir='ltr'>ἐσσυμένως</span> <span class='ocrx_word' id='word_1_301' title='bbox 1640 2606 1753 2648; x_wconf 92' lang='lat' dir='ltr'><strong>velut</strong></span> 
     </span>
     <span class='ocr_line' id='line_1_35' title="bbox 204 2674 1753 2733; baseline 0.001 -15"><span class='ocrx_word' id='word_1_302' title='bbox 204 2676 254 2718; x_wconf 89' lang='lat' dir='ltr'><strong>Il.</strong></span> <span class='ocrx_word' id='word_1_303' title='bbox 291 2675 358 2728; x_wconf 84' lang='lat'><strong>15,</strong></span> <span class='ocrx_word' id='word_1_304' title='bbox 390 2674 496 2728; x_wconf 75' lang='lat'><strong>6983</strong></span> <span class='ocrx_word' id='word_1_305' title='bbox 528 2674 609 2718; x_wconf 90' lang='lat' dir='ltr'><strong>Od.</strong></span> <span class='ocrx_word' id='word_1_306' title='bbox 645 2676 712 2729; x_wconf 88' lang='lat'><strong>14,</strong></span> <span class='ocrx_word' id='word_1_307' title='bbox 745 2676 842 2718; x_wconf 85' lang='lat'><strong>346.</strong></span> <span class='ocrx_word' id='word_1_308' title='bbox 889 2674 1014 2731; x_wconf 86' lang='lat' dir='ltr'><strong>Apud</strong></span> <span class='ocrx_word' id='word_1_309' title='bbox 1048 2675 1271 2730; x_wconf 88' lang='lat' dir='ltr'><strong>Polybium</strong></span> <span class='ocrx_word' id='word_1_310' title='bbox 1305 2674 1417 2717; x_wconf 86' lang='lat' dir='ltr'><strong>haud</strong></span> <span class='ocrx_word' id='word_1_311' title='bbox 1450 2675 1630 2730; x_wconf 86' lang='lat' dir='ltr'><strong>exiguus</strong></span> <span class='ocrx_word' id='word_1_312' title='bbox 1661 2690 1753 2733; x_wconf 85' lang='lat' dir='ltr'><strong>par-</strong></span> 
     </span>
     <span class='ocr_line' id='line_1_36' title="bbox 205 2745 1753 2804; baseline 0 -13"><span class='ocrx_word' id='word_1_313' title='bbox 205 2748 342 2804; x_wconf 87' lang='lat' dir='ltr'><strong>ticipii</strong></span> <span class='ocrx_word' id='word_1_314' title='bbox 382 2745 681 2791; x_wconf 86' lang='lat' dir='ltr'><strong>adverbiorum</strong></span> <span class='ocrx_word' id='word_1_315' title='bbox 724 2760 919 2790; x_wconf 90' lang='lat' dir='ltr'><strong>numerus</strong></span> <span class='ocrx_word' id='word_1_316' title='bbox 961 2750 1115 2789; x_wconf 84' lang='lat' dir='ltr'><strong>exstat.</strong></span> <span class='ocrx_word' id='word_1_317' title='bbox 1177 2746 1500 2800; x_wconf 86' lang='lat' dir='ltr'><strong>Nonnumquam</strong></span> <span class='ocrx_word' id='word_1_318' title='bbox 1533 2745 1661 2790; x_wconf 87' lang='lat' dir='ltr'><strong>etiam</strong></span> <span class='ocrx_word' id='word_1_319' title='bbox 1693 2748 1753 2791; x_wconf 91' lang='lat' dir='ltr'><strong>ibi</strong></span> 
     </span>
     <span class='ocr_line' id='line_1_37' title="bbox 205 2815 1755 2879; baseline 0.001 -18"><span class='ocrx_word' id='word_1_320' title='bbox 205 2818 387 2874; x_wconf 75' lang='lat' dir='ltr'><strong>perfecti</strong></span> <span class='ocrx_word' id='word_1_321' title='bbox 418 2815 644 2879; x_wconf 75' lang='lat' dir='ltr'><strong>participio</strong></span> <span class='ocrx_word' id='word_1_322' title='bbox 675 2818 806 2860; x_wconf 89' lang='lat' dir='ltr'><strong>utitur</strong></span> <span class='ocrx_word' id='word_1_323' title='bbox 837 2817 892 2860; x_wconf 87' lang='lat' dir='ltr'><strong>ad</strong></span> <span class='ocrx_word' id='word_1_324' title='bbox 924 2816 1189 2860; x_wconf 86' lang='lat' dir='ltr'><strong>formandum</strong></span> <span class='ocrx_word' id='word_1_325' title='bbox 1222 2816 1483 2872; x_wconf 85' lang='lat' dir='ltr'><strong>adverbium,</strong></span> <span class='ocrx_word' id='word_1_326' title='bbox 1516 2817 1588 2860; x_wconf 88' lang='lat' dir='ltr'><strong>ubi</strong></span> <span class='ocrx_word' id='word_1_327' title='bbox 1621 2818 1755 2862; x_wconf 86' lang='lat' dir='ltr'><strong>Attici</strong></span> 
     </span>
     <span class='ocr_line' id='line_1_38' title="bbox 207 2886 1757 2946; baseline 0 -12"><span class='ocrx_word' id='word_1_328' title='bbox 207 2894 281 2934; x_wconf 85' lang='lat' dir='ltr'><strong>aut</strong></span> <span class='ocrx_word' id='word_1_329' title='bbox 315 2887 559 2946; x_wconf 67' lang='lat' dir='ltr'><strong>„praesentis</strong></span> <span class='ocrx_word' id='word_1_330' title='bbox 605 2889 875 2945; x_wconf 81' lang='lat' dir='ltr'><strong>participium</strong></span> <span class='ocrx_word' id='word_1_331' title='bbox 915 2893 995 2932; x_wconf 79' lang='lat' dir='ltr'><strong>aut</strong></span> <span class='ocrx_word' id='word_1_332' title='bbox 1037 2886 1299 2943; x_wconf 84' lang='lat' dir='ltr'><strong>adiectivum·</strong></span> <span class='ocrx_word' id='word_1_333' title='bbox 1343 2886 1627 2933; x_wconf 76' lang='lat' dir='ltr'><strong>adhibebant.</strong></span> <span class='ocrx_word' id='word_1_334' title='bbox 1691 2890 1757 2935; x_wconf 82' lang='lat' dir='ltr'><strong>Ita</strong></span> 
     </span>
    </p>
   </div>
  </div>
 </body>
</html>
