2074 3320
904 136 1136 179 ...gg—.-

993 321 1050 363 11.

678 408 771 484 De
814 409 1080 475 perfecti
1103 388 1352 462 ‘formis

492 530 528 570 1.
563 529 635 571 De
667 528 933 584 perfectis
964 530 1016 571 in
1048 537 1110 560 -'
1136 543 1194 570 κα
1226 528 1555 571 exeuntibus.

381 606 614 650 Verborum
626 620 823 663 purorum
839 607 1077 664 perfectum
1092 608 1401 652 terminationis
1414 622 1468 650 κα
1476 620 1558 663 ope
1570 607 1796 650 formatum

238 676 572 734 deprehenditur
603 679 685 721 iam
714 679 757 721 in
779 679 1077 723 vetustissimis
1109 679 1342 722 litterarum
1366 679 1625 722 Graecarum
1658 691 1798 721 monu-

237 749 404 811 mentis,
427 749 469 791 in
488 749 662 793 Homeri
686 750 958 794 carminibus.
991 750 1149 793 Contra
1167 750 1296 795 verba
1313 755 1431 793 muta
1452 762 1503 792 eo
1525 748 1751 804 perfecto
1739 762 1797 791 iu·

237 823 401 862 structa
432 820 567 875 primo
600 821 642 862 in
670 821 907 876 graecitate
940 834 1037 864 rara
1064 820 1196 863 fuisse
1227 821 1384 864 scimus
1405 820 1478 873 (cf.
1504 819 1687 873 Curtius,
1719 818 1798 875 das

237 890 398 945 griech.
418 890 602 935 Verbum
618 883 664 934 ΙΙ
680 905 722 948 p.
740 892 828 934 210
845 895 956 946 sqq.)
974 896 1201 946 manetque
1218 890 1326 934 haec
1347 877 1632 948 perfectorum
1654 890 1798 948 inopia

236 973 369 1015 usque
397 960 454 1008 ad
487 962 585 1004 belli
607 961 963 1018 Peloponnesiaci
986 967 1191 1020 tempora.
1239 961 1350 1005 Tum
1372 960 1540 1004 demum
1563 961 1685 1018 plura
1706 973 1797 1016 per-

236 1031 354 1075 fecta
386 1033 427 1074 in
461 1046 513 1075 κα
557 1032 796 1076 desinentia
837 1046 984 1077 creare
1027 1038 1260 1089 coeperunt
1292 1029 1520 1088 Euripides
1558 1037 1601 1074 et
1630 1031 1795 1074 Aristo-

236 1100 400 1157 phanes
431 1103 506 1154 (οἱ.
540 1103 855 1159 Wackernagel
886 1118 928 1160 p.
962 1105 1046 1156 12).
1095 1103 1326 1147 Verborum
1358 1103 1402 1145 in
1434 1105 1510 1146 -ζω
1555 1100 1796 1145 cadentium

235 1177 334 1216 ante
358 1172 504 1216 horum
537 1179 723 1217 aetatem
756 1174 848 1218 sola
869 1175 1063 1231 perfecta
1093 1174 1333 1227 γεγύμνακα
1359 1172 1514 1216 Aesch.
1546 1173 1687 1216 Prom.
1709 1172 1795 1215 586

236 1247 279 1286 et
300 1246 653 1297 προυτεθεσπίκει
676 1245 780 1288 ibid.
806 1248 887 1288 211
916 1246 1250 1301 (Wackernagel
1273 1259 1313 1300 p.
1337 1246 1411 1297 22)
1434 1245 1476 1287 in
1500 1244 1617 1299 poesi
1638 1244 1796 1286 inveni-

235 1319 374 1357 untur.
445 1316 618 1376 Norant
663 1316 893 1372 Euripides
940 1317 1115 1359 σέσωκα
1164 1317 1251 1359 lon.
1304 1315 1430 1368 1386,
1491 1313 1797 1370 Aristophanes

234 1384 384 1437 ὕβρικα
405 1386 508 1441 Lys.
532 1387 634 1438 400,
658 1388 1032 1439 καταπεφρόντικα
1055 1387 1166 1430 Nub.
1190 1387 1291 1437 857,
1315 1387 1537 1428 λελάκτικα
1559 1385 1669 1428 Nub.
1697 1384 1793 1426 136.

234 1455 283 1497 In
306 1454 492 1511 pedestri
517 1458 709 1500 oratione
731 1462 957 1500 occurrunt
979 1458 1176 1509 κεκόμικα
1199 1455 1357 1500 Herod.
1381 1457 1423 1510 9,
1450 1457 1552 1508 115,
1586 1454 1795 1498 ἐσκεύακα

234 1526 344 1568 Xen.
379 1525 489 1570 Hell.
523 1528 564 1581 6,
586 1529 628 1581 4,
652 1528 699 1581 93
746 1529 785 1577 7,
812 1530 849 1582 1,
872 1529 950 1581 43;
990 1529 1031 1582 7,
1053 1529 1095 1582 5,
1122 1529 1195 1577 19;
1240 1528 1365 1570 Mem.
1396 1528 1438 1576 4,
1461 1527 1502 1575 3,
1526 1526 1575 1578 33
1619 1523 1796 1578 ἥθροικα

233 1596 343 1640 Xen.
369 1596 480 1640 Hell.
506 1599 544 1650 7,
569 1599 609 1651 3,
633 1599 682 1652 93
715 1600 884 1652 ἥρπακα
915 1599 1018 1643 ibid.
1052 1600 1096 1654 6,
1117 1600 1160 1654 5,
1183 1599 1237 1642 37
1249 1611 1260 1652 ;
1292 1599 1333 1653 6,
1356 1598 1398 1649 5,
1421 1598 1498 1652 5ος
1531 1597 1642 1640 Plat.
1665 1596 1796 1651 Gorg.

231 1668 313 1711 481
342 1682 389 1720 a;
438 1669 572 1712 εἴθικα
616 1668 725 1713 Xen.
773 1671 885 1713 Hell.
918 1671 960 1723 6,
987 1673 1024 1723 l,
1059 1671 1131 1723 153
1180 1671 1380 1722 νενόμικα
1425 1668 1527 1711 ibid.
1573 1669 1616 1721 2,
1643 1669 1685 1722 3,
1715 1668 1794 1720 36;

233 1738 366 1791 ὥρικα
402 1739 522 1783 Dem.
555 1741 625 1795 26,
648 1741 726 1795 24;
759 1742 940 1785 Aristot.
972 1741 1078 1785 Met.
1100 1742 1143 1796 4,
1165 1741 1207 1796 4,
1230 1741 1278 1795 63
1310 1741 1515 1792 τετείχικα
1546 1739 1657 1782 Xen.
1682 1738 1792 1782 Hell.

235 1810 274 1862 7,
299 1813 339 1862 2,
368 1813 413 1864 1;
463 1812 502 1864 7,
532 1813 574 1865 2,
602 1813 674 1854 20.
737 1813 968 1855 Praeterea
1015 1813 1264 1855 ἐσπούδακα
1307 1810 1623 1865 Wackernagel
1664 1808 1706 1866 p.
1736 1810 1794 1852 23

233 1879 382 1934 quinto
414 1882 586 1926 saeculo
619 1882 768 1926 tribuit
811 1887 853 1926 et
884 1883 1041 1935 ἤλπικα
1081 1895 1136 1926 ex
1168 1881 1401 1938 Posidippo
1443 1881 1606 1924 comico
1639 1879 1788 1924 Veitch

233 1950 378 1995 affert.
428 1951 620 2003 Quorum.
638 1953 823 1996 omnium
852 1953 1055 2009 pleraque
1076 1952 1191 2009 apud
1214 1952 1439 2009 Polybium
1462 1963 1629 2006 quoque
1650 1955 1792 2001 occur-

233 2027 344 2075 runt,
376 2023 448 2078 qui
481 2024 610 2067 etiam
643 2023 823 2082 adauxit
852 2038 1071 2068 numerum
1104 2037 1248 2068 eorum
1281 2024 1566 2080 perfectorum
1598 2036 1650 2066 eo
1681 2022 1792 2076 quod

234 2092 409 2147 primus,
427 2099 628 2147 quantum
647 2085 908 2148 investigare
924 2095 1295 2150 potui,2usurpavit
1311 2094 1584 2145 κατήρτικα
1599 2093 1639 2145 3,
1657 2093 1733 2146 95,
1745 2093 1792 2146 2;

231 2164 284 2206 31
293 2166 397 2218 ,,-14
425 2167 479 2208 10
512 2166 741 2218 (ἀπήρτικα
772 2181 810 2209 a·
830 2166 1073 2222 Phrynicho
1102 2182 1144 2223 p.
1172 2168 1257 2210 447
1283 2166 1332 2209 L.
1361 2165 1540 2209 vetitum
1573 2170 1619 2208 ut
1649 2165 1793 2208 σόλοι-

231 2237 345 2287 κον);
364 2236 716 2289 συνήσπικα4,
734 2237 805 2291 64,
823 2238 870 2291 63
894 2238 959 2291 12,
978 2239 1048 2291 21,
1066 2238 1110 2289 73
1134 2237 1372 2292 ἤγγικα3,
1390 2235 1461 2290 98,
1481 2236 1526 2290 7,
1548 2236 1794 2287 ἡτοίμακα

230 2306 436 2361 3‚6,;56
483 2308 1364 2363 3,,726ς8,7,5;8,7,8;14,,;67
1409 2307 1792 2360 ἤρικα3,91,;7

230 2378 503 2430 ἐσχεδίακα
528 2380 595 2429 12,
613 2379 654 2433 3,
675 2380 720 2432 7,
747 2380 815 2434 12,
837 2377 931 2433 26⁴¹,
954 2379 1002 2433 3,
1025 2380 1096 2434 22,
1119 2379 1160 2433 9,
1187 2368 1261 2433 123
1284 2378 1552 2431 κεχρόνικα
1573 2378 1644 2428 33,
1665 2378 1733 2433 18,
1750 2379 1791 2421 6.

230 2448 417 2499 Quorum
438 2449 640 2492 nonnulla
672 2462 747 2493 cur
778 2449 893 2506 apud
915 2450 1078 2506 priores
1098 2463 1181 2492 non
1210 2449 1492 2498 inveniantur,
1525 2461 1654 2491 causa
1676 2411 1789 2492 ha'ud

229 2518 320 2561 scio
363 2532 417 2561 an
457 2518 558 2562 inde
597 2520 654 2563 sit
692 2519 939 2576 repetenda,
988 2519 1101 2575 quod
1147 2533 1231 2563 non
1270 2518 1397 2563 modo
1438 2519 1676 2576 perfectum
1716 2518 1793 2563 sed

230 2589 363 2632 verba
393 2589 487 2645 ipsa
510 2591 745 2646 posteriore
777 2590 945 2634 demum
970 2595 1160 2647 tempore
1192 2592 1378 2634 formata
1399 2594 1509 2633 sunt.
1558 2589 1653 2632 Hoc
1674 2589 1792 2633 cadit

229 2660 272 2702 in
326 2660 479 2711 ἐγγῐζω
533 2659 647 2715 quod
693 2660 809 2718 apud
854 2658 1075 2705 Philonem
1122 2659 1259 2704 mech.
1310 2660 1489 2717 primum
1529 2658 1790 2715 deprehendi

229 2729 336 2774 dicit
368 2730 531 2786 Arnim,
565 2730 620 2775 de
652 2731 842 2776 Philonis
865 2731 1061 2788 Byzantii
1084 2745 1241 2787 genere
1272 2730 1444 2774 dicendi
1481 2730 1594 2773 1912
1624 2745 1667 2787 p.
1693 2732 1790 2775 139.

230 2801 392 2844 Eadem
439 2814 567 2845 causa
612 2801 782 2845 videtur
824 2803 984 2845 sactum
1029 2816 1136 2853 esse,
1187 2808 1234 2845 ut
1276 2802 1545 2854 ἠχρείωκα
1587 2801 1791 2858 Polybius

229 2873 391 2929 primus
412 2871 583 2927 dixerit,
612 2873 680 2916 cui
702 2872 872 2916 accedit
894 2873 1183 2917 κεκύκλωκα
1204 2872 1279 2927 (cf.
1303 2871 1617 2928 Wackernagel
1638 2886 1693 2929 p-
1707 2873 1792 2925 12).
