2074 3320
855 181 903 200 „-
953 143 1088 209 ἵζ’-

196 290 401 355 perfceti‘
423 297 675 341 infinitivum
698 296 937 340 ‘adst-iseat.
1000 295 1140 348 Quare
1172 294 1293 350 quod
1317 295 1357 348 7,
1380 295 1421 347 3,
1444 294 1471 337 6
1503 294 1610 357 legis
1627 282 1743 353 ’συμ-

197 369 360 423 βεβήκει
381 370 686 422 δὲῬωμαίους
701 382 724 411 ·.
761 386 779 411 .·
804 401 813 411 .
845 371 1102 419 πεποιῆσθαι
1125 369 1201 410 τὸν
1222 368 1444 416 ἐπίπλουν,
1476 366 1743 417 πυθομένους

196 440 244 484 δὲ
273 440 351 483 τὸν
375 440 547 501 ῘΙέρωνα
577 441 654 491 ζῆν
684 438 805 490 αὖθις
824 440 886 490 ἐἰς
912 439 963 482 τὸ
988 438 1214 491 Λιλύβαιον
1245 431 1519 491 ἀναδραμεῖν,
1542 436 1745 492 Polybius

197 510 276 554 hoe
321 511 428 566 loeo,
473 511 584 554 sieut
627 509 863 564 συμβέβηκε
895 524 971 566 pro
1003 511 1238 566 praesente,
1282 510 1342 552 ita
1382 508 1632 561 συμβεβήκει
1669 521 1744 563 pro

195 582 445 639 imperfecto
497 581 651 637 posuit.
731 574 852 624 Ha'ne
903 580 1033 636 igitur
1080 579 1418 635 singularitatem
1466 579 1742 633 Polybianam

196 653 420 710 postquam
447 652 745 708 eognovimus,
786 665 866 695 non
900 651 1174 706 obloquemur
1207 650 1429 694 Dindorfio
1456 652 1492 705 1,
1516 650 1586 704 37,
1609 650 1636 692 3
1667 662 1743 706 pro

193 725 422 779 ἱστορῆσαι
444 724 707 777 συμβέβηκεν
725 723 949 767 conicienti
964 723 1218 776 ἱστορῆσθαι
1234 722 1510 776 συμβέβηκεν,
1535 734 1627 764 eum
1647 720 1743 763 huie

194 796 287 840 loeo
331 790 382 839 es
429 794 593 839 ratione
631 808 713 837 non
755 794 880 837 modo
918 807 1010 837 eum
1044 794 1116 848 qui
1147 794 1372 848 requiritur
1402 805 1568 836 sensum
1603 791 1744 835 reddi-

194 867 303 909 derit
333 866 410 910 sed
444 866 571 909 etiam
604 866 857 908 locutionem
884 865 1114 908 restituerit
1135 864 1310 907 dictioni
1335 864 1595 919 Polybianae
1619 863 1743 919 plane

194 937 531 980 convenientem.
609 936 702 978 Hae
747 949 914 990 quoque
959 937 1017 977 in<
1047 949 1091 978 re
1133 948 1226 978 eum
1271 947 1464 978 sermone
1507 934 1743 989 Polybiano

194 1007 307 1049 tituli
340 1007 585 1049 concinunt:
618 1005 808 1048 Dittenb.
834 1006 933 1058 308,
951 1006 1008 1047 23
1031 1008 1159 1057 (saec.
1178 1005 1253 1057 ΙΙ.)
1277 1005 1345 1047 διὰ
1366 1006 1444 1056 τὴν
1465 1004 1619 1061 τούτου
1642 1004 1742 1056 πρό-

196 1092 319 1120 νοιαν
350 1079 416 1120 καὶ
448 1076 764 1127 καλοκάγαθίαν
795 1077 1028 1129 συμβέβηκε
1061 1077 1301 1128 κεκομίσθαι
1332 1076 1441 1128 ἡμᾶς
1463 1077 1541 1127 τὴν
1564 1076 1742 1127 πατρίδα

194 1150 260 1191 καὶ
294 1148 622 1200 κατεληλυθέναι
655 1148 756 1200 μετὰ
787 1149 948 1191 τέκνων
979 1149 1046 1190 καὶ
1076 1150 1301 1199 γυναικῶν.

338 1217 463 1274 Apud
497 1219 724 1275 scriptores
745 1219 955 1262 inferioris
990 1220 1084 1262 aevi
1116 1220 1356 1271 κέχρημαι
1388 1231 1592 1275 persaepe
1625 1230 1743 1273 prae-

193 1291 324 1332 sentis
346 1290 387 1332 vi
410 1289 660 1332 instructum
687 1303 779 1332 esse
802 1289 1035 1332 docuerunt
1053 1290 1235 1332 Viereck
1258 1304 1299 1345 p.
1321 1291 1422 1342 400,
1447 1290 1511 1331 W.
1535 1287 1742 1343 Schmidt,

194 1360 404 1404 Fleckeis.
439 1373 535 1403 nnn.
568 1361 705 1416 suppl.
729 1360 814 1403 XX
847 1375 887 1416 p.
911 1361 1010 1412 400,
1045 1361 1110 1403 W.
1133 1360 1307 1404 Schmid
1331 1361 1373 1403 ΙΙ
1400 1374 1439 1416 p.
1462 1360 1533 1414 53,
1567 1359 1744 1403 Crbnert

194 1445 235 1486 p.
269 1432 366 1474 283.
423 1431 558 1474 Huius
596 1445 694 1474 usus
725 1431 909 1486 vestigia
953 1432 1308 1486 deprehendimus
1352 1431 1464 1487 apud
1506 1431 1742 1487 Polybium,

193 1514 285 1544 eum
319 1503 361 1554 ὁ,
394 1502 465 1555 51,
497 1501 525 1544 3
565 1502 742 1544 scribat:
791 1501 1085 1554 ἀποδοθέντος
1130 1503 1308 1545 δ’ἐκεῑσε
1352 1503 1597 1555 διαβουλίου
1641 1502 1742 1556 ποίᾲ

193 1576 257 1614 δεῖ
288 1573 493 1624 προάγειν
536 1574 604 1615 ἐπὶ
635 1574 712 1615 τόν
744 1574 933 1616 Μόλωνα
980 1576 1046 1615 καὶ
1089 1576 1182 1625 πῶς
1214 1575 1346 1617 πόθεν
1388 1577 1615 1625 κεχρῆσθαι
1646 1575 1740 1624 ταῖς

192 1643 259 1685 ἐπὶ
285 1643 367 1696 ,τὰς
399 1643 575 1696 πορείας
607 1644 840 1696 χορηγίαις.
903 1643 995 1695 Quo
1040 1645 1081 1686 in
1126 1645 1343 1687 enuntiato
1375 1644 1506 1686 verba
1536 1643 1740 1695 προάγειν

192 1719 235 1756 et
266 1711 494 1774 κεχρῆσθαι
526 1726 618 1756 cum
652 1713 706 1756 ad
740 1714 919 1756 eandem
951 1723 1037 1757 rem
1069 1715 1310 1770 pertineant
1345 1720 1388 1756 et
1419 1714 1604 1756 eiusdem
1637 1714 1739 1756 iuris

191 1785 288 1838 sint,
312 1784 497 1828 dubitari
521 1798 601 1845 non
626 1792 778 1841 potest,
803 1786 902 1840 quiri
924 1789 1153 1838 κεχρῆσθαι
1169 1787 1405 1842 praesentis
1421 1793 1565 1842 partes
1576 1792 1684 1840 ‘agat
1694 1787 1738 1836 ¹).

192 1855 333 1897 Etiam
371 1858 408 1908 1,
442 1857 511 1908 20,
549 1844 614 1897 10·
633 1860 720 1898 τῶν
764 1858 811 1898 δὲ
843 1856 1079 1908 ναυπηγῶν’
1118 1857 1178 1908 εἰς
1215 1858 1337 1908 τέλος
1368 1857 1557 1908 ’ἀπείρων
1600 1851 1741 1898 ὄντων

190 1928 266 1977 τῆς
299 1927 393 1978 περὶ
424 1919 501 1978 τὰς
525 1928 747 1979 πεντήρεις
771 1928 1007 1980 ναυπηγίας
1041 1928 1109 1970 διὰ
1140 1929 1189 1971 τὸ
1212 1929 1372 1980 μηδένα
1403 1928 1499 1970 τότε
1529 1930 1616 1970 τῶν
1637 1927 1742 1969 κατὰ

190 1998 267 2047 τὴν
298 1996 474 2039 Ἰταλίαν
505 2001 732 2049 κεχρῆσθαι
764 1998 989 2050 τοιούτοις
1022 1999 1237 2052 σκάφεσιν
1280 2005 1452 2055 propter
1495 1998 1740 2041 adverbium

190 2068 286 2110 τότε
318 2068 559 2124 appositum
592 2069 806 2121 κέχρημαι
826 2083 902 2124 pro
935 2070 1159 2126 praesente
1191 2083 1354 2114 sumere
1382 2071 1584 2113 malemus
1616 2082 1741 2135 quam

189 2151 266 2194 pro
299 2139 491 2193 perfeeto
525 2145 830 2193 vertemusque
855 2140 993 2196 „qnod
1027 2146 1114 2182 tum
1147 2153 1270 2183 nemo
1303 2154 1444 2182 eorum
1477 2134 1546 2194 q'ui
1576 2132 1740 2182 ltaliam

190 2208 434 2252 incolebant
472 2209 677 2252 eiusmodi
715 2210 899 2265 navigiis
935 2209 1177 2267 utebatur&
1222 2224 1311 2254 non
1352 2224 1476 2268 „usus
1508 2210 1640 2260 erat²‘‚
1685 2210 1740 2253 ad

189 2276 303 2334 quod
356 2279 586 2334 quadraret
643 2280 881 2331 „“n0ndum
937 2295 1018 2324 non
1076 2286 1233 2331 „tum‘fi
1283 2282 1454 2325 Contra
1493 2283 1563 2336 30,
1609 2282 1691 2335 18,
1714 2282 1740 2324 3

190 2351 283 2402 ὃς.
363 2352 660 2404 .ἐξυρημένος
706 2354 784 2403 τὴν
816 2355 1008 2405 κεφαλὴν
1050 2355 1119 2395 καὶ
1162 2355 1288 2396 πίλον
1332 2354 1449 2404 ἔχων
1466 2355 1632 2395 λευκὸν
1675 2355 1741 2395 καὶ

189 2383 396 2474 τήβενναν
430 2455 438 2464 .
472 2443 483 2463 ·.
519 2422 729 2474 ,ἀπήντα
772 2424 940 2475 τούτοις
984 2425 1051 2466 καὶ
1095 2425 1280 2467 καθόλου
1323 2424 1495 2478 τοιαύτῃ
1540 2423 1740 2479 διασκευῇ

190 2494 446 2545 κεχρημένος
492 2493 588 2535 οἵαν
631 2494 806 2546 ἔχουσιν
853 2496 893 2537 οἱ
937 2496 1203 2547 προσφάτως
1250 2495 1583 2550 ἠλευθερωμένοι
1612 2496 1742 2546 παρὰ

189 2563 412 2615 Ῥωμαίοις
443 2564 714 2620 participium
746 2566 1002 2617 κεχρημένος
1040 2572 1083 2608 et
1114 2566 1349 2648 praesentis
1380 2572 1422 2606 et
1453 2565 1634 2620 perfecti
1667 2578 1737 2607 ex·

188 2633 483 2690 plicatione'm
478 2634 692 2678 admittit.

330 2704 470 2748 Etiam
488 2705 682 2758 ἔσχηκα
694 2705 821 2748 idem
841 2706 983 2749 valere
1003 2721 1055 2749 ae
1072 2709 1273 2762 praesens
1290 2706 1553 2749 demonstrat
1568 2709 1609 2762 4,
1631 2709 1670 2763 7,
1688 2709 1735 2751 6:

326 2790 703 2856 ,1)‘Hane',rormam
743 2823 822 2847 non
850 2812 988 2847 debuit
1026 2813 1066 2847 in
1092 2813 1361 2860 suspicionem
1387 2823 1536 2848 vocare
1563 2814 1744 2852 Stichius

187 2870 211 2905 l.
237 2879 267 2905 c.
297 2880 333 2915 p.
353 2868 432 2915 185,
470 2869 512 2905 id
534 2870 646 2920 ¹quod
672 2871 780 2907 haud
806 2872 886 2907 scio
912 2881 963 2907 an
1000 2881 1081 2907 non
1107 2870 1278 2915 fecisset,
1303 2870 1334 2906 si
1360 2876 1590 2918 reputasset
1615 2883 1739 2920 quam

188 2939 309 2977 saepe
337 2940 361 2965 a
386 2930 684 2977 posterior-ibus
699 2931 877 2977 κέχρημαι
903 2932 1127 2979 praesentis
1153 2928 1516 2969 loco=adhthoatun
