<?xml version="1.0" encoding="UTF-8"?>
<!DOCTYPE html PUBLIC "-//W3C//DTD XHTML 1.0 Transitional//EN"
    "http://www.w3.org/TR/xhtml1/DTD/xhtml1-transitional.dtd">
<html xmlns="http://www.w3.org/1999/xhtml" xml:lang="en" lang="en">
 <head>
  <title>
</title>
<meta http-equiv="Content-Type" content="text/html;charset=utf-8" />
  <meta name='ocr-system' content='tesseract 3.04.00' />
  <meta name='ocr-capabilities' content='ocr_page ocr_carea ocr_par ocr_line ocrx_word'/>
</head>
<body>
  <div class='ocr_page' id='page_1' title='image "4737857_0070.png"; bbox 0 0 2074 3320; ppageno 0'>
   <div class='ocr_carea' id='block_1_1' title="bbox 951 129 1184 174">
    <p class='ocr_par' dir='ltr' id='par_1_1' title="bbox 951 129 1184 174">
     <span class='ocr_line' id='line_1_1' title="bbox 951 129 1184 174; baseline 0.004 -10"><span class='ocrx_word' id='word_1_1' title='bbox 951 129 1184 174; x_wconf 46' lang='lat' dir='ltr'><strong>—e‘t⁴</strong></span> 
     </span>
    </p>
   </div>
   <div class='ocr_carea' id='block_1_2' title="bbox 263 247 1845 2229">
    <p class='ocr_par' dir='ltr' id='par_1_2' title="bbox 279 247 1845 598">
     <span class='ocr_line' id='line_1_2' title="bbox 283 247 1841 315; baseline 0.001 -15"><span class='ocrx_word' id='word_1_2' title='bbox 283 259 412 313; x_wconf 81' lang='lat' dir='ltr'><strong>atque</strong></span> <span class='ocrx_word' id='word_1_3' title='bbox 452 255 495 301; x_wconf 90' lang='lat' dir='ltr'><strong>in</strong></span> <span class='ocrx_word' id='word_1_4' title='bbox 535 256 710 312; x_wconf 83' lang='lat' dir='ltr'><strong>chartis,</strong></span> <span class='ocrx_word' id='word_1_5' title='bbox 745 247 934 314; x_wconf 80' lang='lat' dir='ltr'><strong>&#39;qnorum</strong></span> <span class='ocrx_word' id='word_1_6' title='bbox 967 270 1067 301; x_wconf 87' lang='lat' dir='ltr'><strong>usus</strong></span> <span class='ocrx_word' id='word_1_7' title='bbox 1105 270 1203 301; x_wconf 88' lang='lat' dir='ltr'><strong>cnm</strong></span> <span class='ocrx_word' id='word_1_8' title='bbox 1234 257 1471 313; x_wconf 78' lang='lat' dir='ltr'><strong>Polybiane</strong></span> <span class='ocrx_word' id='word_1_9' title='bbox 1503 255 1706 315; x_wconf 70' lang='lat' dir='ltr'><strong>congruit·</strong></span> <span class='ocrx_word' id='word_1_10' title='bbox 1728 262 1841 304; x_wconf 68' lang='lat' dir='ltr'><strong>‘teste</strong></span> 
     </span>
     <span class='ocr_line' id='line_1_3' title="bbox 281 327 1845 385; baseline 0.001 -15"><span class='ocrx_word' id='word_1_11' title='bbox 281 327 481 385; x_wconf 82' lang='lat' dir='ltr'><strong>Maysero</strong></span> <span class='ocrx_word' id='word_1_12' title='bbox 510 342 556 385; x_wconf 86' lang='lat' dir='ltr'><strong>p.</strong></span> <span class='ocrx_word' id='word_1_13' title='bbox 577 329 686 372; x_wconf 84' lang='lat'>335:</span> <span class='ocrx_word' id='word_1_14' title='bbox 724 342 797 384; x_wconf 76' lang='lat' dir='ltr'><strong>„eu</strong></span> <span class='ocrx_word' id='word_1_15' title='bbox 828 327 885 372; x_wconf 91' lang='lat' dir='ltr'><strong>im</strong></span> <span class='ocrx_word' id='word_1_16' title='bbox 908 327 1220 381; x_wconf 82' lang='lat' dir='ltr'><strong>Stammanlaut</strong></span> <span class='ocrx_word' id='word_1_17' title='bbox 1251 327 1359 372; x_wconf 80' lang='lat' dir='ltr'><strong>wird</strong></span> <span class='ocrx_word' id='word_1_18' title='bbox 1393 329 1544 373; x_wconf 73' lang='lat' dir='ltr'><strong>bocbst</strong></span> <span class='ocrx_word' id='word_1_19' title='bbox 1565 330 1701 374; x_wconf 85' lang='lat' dir='ltr'><strong>selten</strong></span> <span class='ocrx_word' id='word_1_20' title='bbox 1722 330 1845 374; x_wconf 80' lang='lat' dir='ltr'><strong>mehr</strong></span> 
     </span>
     <span class='ocr_line' id='line_1_4' title="bbox 280 399 1841 457; baseline 0.002 -15"><span class='ocrx_word' id='word_1_21' title='bbox 280 400 580 454; x_wconf 82' lang='lat' dir='ltr'><strong>augmentiert,</strong></span> <span class='ocrx_word' id='word_1_22' title='bbox 622 399 824 452; x_wconf 86' lang='grc' dir='ltr'>ηὕρισκεν</span> <span class='ocrx_word' id='word_1_23' title='bbox 868 399 1004 442; x_wconf 57' lang='grc' dir='ltr'><strong>Ριιιικεξ</strong></span> <span class='ocrx_word' id='word_1_24' title='bbox 1024 399 1077 441; x_wconf 87' lang='lat'><strong>41</strong></span> <span class='ocrx_word' id='word_1_25' title='bbox 1127 412 1249 443; x_wconf 87' lang='lat' dir='ltr'><strong>verso</strong></span> <span class='ocrx_word' id='word_1_26' title='bbox 1289 399 1331 442; x_wconf 89' lang='lat'><strong>3.</strong></span> <span class='ocrx_word' id='word_1_27' title='bbox 1369 400 1397 442; x_wconf 98' lang='lat'>5</span> <span class='ocrx_word' id='word_1_28' title='bbox 1432 399 1544 443; x_wconf 83' lang='lat' dir='ltr'><strong>sind·</strong></span> <span class='ocrx_word' id='word_1_29' title='bbox 1582 402 1687 445; x_wconf 75' lang='lat' dir='ltr'><strong>zwei</strong></span> <span class='ocrx_word' id='word_1_30' title='bbox 1730 415 1841 457; x_wconf 74' lang='lat' dir='ltr'><strong>ganz</strong></span> 
     </span>
     <span class='ocr_line' id='line_1_5' title="bbox 280 469 1842 528; baseline 0.001 -15"><span class='ocrx_word' id='word_1_31' title='bbox 280 469 441 514; x_wconf 86' lang='lat' dir='ltr'><strong>einsam</strong></span> <span class='ocrx_word' id='word_1_32' title='bbox 474 470 681 514; x_wconf 89' lang='lat' dir='ltr'><strong>stehende</strong></span> <span class='ocrx_word' id='word_1_33' title='bbox 703 470 868 526; x_wconf 39' lang='lat' dir='ltr'><strong>Faue&amp;</strong></span> <span class='ocrx_word' id='word_1_34' title='bbox 917 470 1074 513; x_wconf 78' lang='lat' dir='ltr'>Videas</span> <span class='ocrx_word' id='word_1_35' title='bbox 1106 471 1234 514; x_wconf 87' lang='lat' dir='ltr'><strong>etiam</strong></span> <span class='ocrx_word' id='word_1_36' title='bbox 1257 471 1436 514; x_wconf 69' lang='lat' dir='ltr'><strong>Crbnert</strong></span> <span class='ocrx_word' id='word_1_37' title='bbox 1459 484 1501 527; x_wconf 88' lang='lat' dir='ltr'><strong>p.</strong></span> <span class='ocrx_word' id='word_1_38' title='bbox 1521 472 1623 520; x_wconf 32' lang='lat'>⁴205,</span> <span class='ocrx_word' id='word_1_39' title='bbox 1657 471 1842 528; x_wconf 84' lang='lat' dir='ltr'><strong>Helbing</strong></span> 
     </span>
     <span class='ocr_line' id='line_1_6' title="bbox 279 536 1047 598; baseline 0.001 -14"><span class='ocrx_word' id='word_1_40' title='bbox 279 555 323 598; x_wconf 92' lang='lat' dir='ltr'><strong>p.</strong></span> <span class='ocrx_word' id='word_1_41' title='bbox 348 541 404 585; x_wconf 99' lang='grc'><strong>72</strong></span> <span class='ocrx_word' id='word_1_42' title='bbox 425 554 518 597; x_wconf 89' lang='lat' dir='ltr'><strong>sqq.</strong></span> <span class='ocrx_word' id='word_1_43' title='bbox 733 536 737 542; x_wconf 76' lang='grc'><em>“</em></span> <span class='ocrx_word' id='word_1_44' title='bbox 1044 546 1047 552; x_wconf 91' lang='grc'><em>“</em></span> 
     </span>
    </p>

    <p class='ocr_par' dir='ltr' id='par_1_3' title="bbox 273 612 1840 1577">
     <span class='ocr_line' id='line_1_7' title="bbox 425 612 1838 669; baseline 0.001 -15"><span class='ocrx_word' id='word_1_45' title='bbox 425 613 472 655; x_wconf 89' lang='lat' dir='ltr'><strong>In</strong></span> <span class='ocrx_word' id='word_1_46' title='bbox 505 612 696 668; x_wconf 88' lang='lat' dir='ltr'><strong>perfecto</strong></span> <span class='ocrx_word' id='word_1_47' title='bbox 731 612 849 654; x_wconf 88' lang='lat' dir='ltr'><strong>verbi</strong></span> <span class='ocrx_word' id='word_1_48' title='bbox 873 612 992 665; x_wconf 85' lang='grc' dir='ltr'>ὁράω</span> <span class='ocrx_word' id='word_1_49' title='bbox 1015 613 1147 655; x_wconf 89' lang='lat' dir='ltr'><strong>Attici</strong></span> <span class='ocrx_word' id='word_1_50' title='bbox 1172 617 1269 669; x_wconf 90' lang='lat' dir='ltr'><strong>post</strong></span> <span class='ocrx_word' id='word_1_51' title='bbox 1291 617 1563 668; x_wconf 84' lang='lat' dir='ltr'><strong>angmentum</strong></span> <span class='ocrx_word' id='word_1_52' title='bbox 1586 612 1838 669; x_wconf 88' lang='lat' dir='ltr'><strong>syllabicnm</strong></span> 
     </span>
     <span class='ocr_line' id='line_1_8' title="bbox 278 682 1840 739; baseline -0.001 -13"><span class='ocrx_word' id='word_1_53' title='bbox 278 684 474 726; x_wconf 88' lang='lat' dir='ltr'><strong>omittere</strong></span> <span class='ocrx_word' id='word_1_54' title='bbox 506 687 815 726; x_wconf 88' lang='lat' dir='ltr'><strong>consueverant</strong></span> <span class='ocrx_word' id='word_1_55' title='bbox 847 682 1081 739; x_wconf 81' lang='lat' dir='ltr'><strong>temporale</strong></span> <span class='ocrx_word' id='word_1_56' title='bbox 1112 683 1186 734; x_wconf 83' lang='lat' dir='ltr'><strong>(cf.</strong></span> <span class='ocrx_word' id='word_1_57' title='bbox 1220 682 1357 737; x_wconf 90' lang='lat' dir='ltr'><strong>Stahl,</strong></span> <span class='ocrx_word' id='word_1_58' title='bbox 1397 683 1668 738; x_wconf 75' lang='lat' dir='ltr'>quaestiones</span> <span class='ocrx_word' id='word_1_59' title='bbox 1699 697 1840 739; x_wconf 77' lang='lat' dir='ltr'><strong>gram-</strong></span> 
     </span>
     <span class='ocr_line' id='line_1_9' title="bbox 278 753 1838 810; baseline 0 -14"><span class='ocrx_word' id='word_1_60' title='bbox 278 754 461 796; x_wconf 90' lang='lat' dir='ltr'><strong>maticae</strong></span> <span class='ocrx_word' id='word_1_61' title='bbox 492 753 549 796; x_wconf 90' lang='lat' dir='ltr'><strong>ad</strong></span> <span class='ocrx_word' id='word_1_62' title='bbox 582 753 718 796; x_wconf 80' lang='lat' dir='ltr'><strong>Thnc.</strong></span> <span class='ocrx_word' id='word_1_63' title='bbox 752 753 1035 809; x_wconf 73' lang='lat' dir='ltr'><strong>pertinentes²</strong></span> <span class='ocrx_word' id='word_1_64' title='bbox 1069 767 1109 809; x_wconf 87' lang='lat' dir='ltr'><strong>p.</strong></span> <span class='ocrx_word' id='word_1_65' title='bbox 1131 754 1218 808; x_wconf 88' lang='lat'>59),</span> <span class='ocrx_word' id='word_1_66' title='bbox 1265 766 1519 808; x_wconf 82' lang='lat' dir='ltr'><strong>quamquam</strong></span> <span class='ocrx_word' id='word_1_67' title='bbox 1552 758 1718 810; x_wconf 86' lang='lat' dir='ltr'><strong>poetae,</strong></span> <span class='ocrx_word' id='word_1_68' title='bbox 1765 754 1838 796; x_wconf 87' lang='lat' dir='ltr'><strong>ubi</strong></span> 
     </span>
     <span class='ocr_line' id='line_1_10' title="bbox 278 823 1838 879; baseline 0.001 -13"><span class='ocrx_word' id='word_1_69' title='bbox 278 829 452 879; x_wconf 91' lang='lat' dir='ltr'><strong>propter</strong></span> <span class='ocrx_word' id='word_1_70' title='bbox 492 828 671 866; x_wconf 89' lang='lat' dir='ltr'><strong>metrum</strong></span> <span class='ocrx_word' id='word_1_71' title='bbox 713 836 888 866; x_wconf 89' lang='lat' dir='ltr'><strong>necesse</strong></span> <span class='ocrx_word' id='word_1_72' title='bbox 926 829 1032 876; x_wconf 87' lang='lat' dir='ltr'><strong>erat,</strong></span> <span class='ocrx_word' id='word_1_73' title='bbox 1078 824 1206 866; x_wconf 89' lang='lat' dir='ltr'><strong>etiam</strong></span> <span class='ocrx_word' id='word_1_74' title='bbox 1239 824 1408 876; x_wconf 88' lang='grc' dir='ltr'>ἑώρακα</span> <span class='ocrx_word' id='word_1_75' title='bbox 1440 823 1657 868; x_wconf 89' lang='lat' dir='ltr'><strong>dicebant.</strong></span> <span class='ocrx_word' id='word_1_76' title='bbox 1719 823 1838 867; x_wconf 89' lang='lat' dir='ltr'><strong>Com·</strong></span> 
     </span>
     <span class='ocr_line' id='line_1_11' title="bbox 276 893 1837 951; baseline 0 -14"><span class='ocrx_word' id='word_1_77' title='bbox 276 895 414 938; x_wconf 88' lang='lat' dir='ltr'><strong>munis</strong></span> <span class='ocrx_word' id='word_1_78' title='bbox 460 899 601 938; x_wconf 90' lang='lat' dir='ltr'><strong>autem</strong></span> <span class='ocrx_word' id='word_1_79' title='bbox 646 893 818 950; x_wconf 83' lang='lat' dir='ltr'><strong>linguae</strong></span> <span class='ocrx_word' id='word_1_80' title='bbox 863 898 906 937; x_wconf 93' lang='lat' dir='ltr'><strong>et</strong></span> <span class='ocrx_word' id='word_1_81' title='bbox 949 894 1124 938; x_wconf 85' lang='lat' dir='ltr'><strong>chartae</strong></span> <span class='ocrx_word' id='word_1_82' title='bbox 1168 899 1211 938; x_wconf 90' lang='lat' dir='ltr'><strong>et</strong></span> <span class='ocrx_word' id='word_1_83' title='bbox 1257 895 1368 946; x_wconf 84' lang='lat' dir='ltr'><strong>tituli</strong></span> <span class='ocrx_word' id='word_1_84' title='bbox 1405 896 1622 951; x_wconf 87' lang='lat' dir='ltr'><strong>praebent</strong></span> <span class='ocrx_word' id='word_1_85' title='bbox 1645 931 1649 935; x_wconf 83' lang='grc'><em>.</em></span> <span class='ocrx_word' id='word_1_86' title='bbox 1669 895 1837 947; x_wconf 83' lang='grc' dir='ltr'>ἑώρακα</span> 
     </span>
     <span class='ocr_line' id='line_1_12' title="bbox 278 965 1838 1025; baseline 0.001 -17"><span class='ocrx_word' id='word_1_87' title='bbox 278 966 471 1021; x_wconf 86' lang='lat' dir='ltr'><strong>(Mayser</strong></span> <span class='ocrx_word' id='word_1_88' title='bbox 502 979 542 1021; x_wconf 89' lang='lat' dir='ltr'><strong>p.</strong></span> <span class='ocrx_word' id='word_1_89' title='bbox 567 966 669 1019; x_wconf 83' lang='lat'><strong>337,</strong></span> <span class='ocrx_word' id='word_1_90' title='bbox 715 965 1062 1025; x_wconf 82' lang='lat' dir='ltr'><strong>Nachmannson,</strong></span> <span class='ocrx_word' id='word_1_91' title='bbox 1112 965 1250 1009; x_wconf 87' lang='lat' dir='ltr'><strong>Laute</strong></span> <span class='ocrx_word' id='word_1_92' title='bbox 1282 965 1367 1009; x_wconf 92' lang='lat' dir='ltr'><strong>und</strong></span> <span class='ocrx_word' id='word_1_93' title='bbox 1399 966 1583 1009; x_wconf 88' lang='lat' dir='ltr'><strong>Formen</strong></span> <span class='ocrx_word' id='word_1_94' title='bbox 1615 965 1691 1010; x_wconf 89' lang='lat' dir='ltr'><strong>der</strong></span> <span class='ocrx_word' id='word_1_95' title='bbox 1722 976 1838 1021; x_wconf 82' lang='lat' dir='ltr'><strong>mag-</strong></span> 
     </span>
     <span class='ocr_line' id='line_1_13' title="bbox 277 1036 1836 1092; baseline -0.001 -12"><span class='ocrx_word' id='word_1_96' title='bbox 277 1036 498 1080; x_wconf 88' lang='lat' dir='ltr'><strong>netischen</strong></span> <span class='ocrx_word' id='word_1_97' title='bbox 542 1036 802 1080; x_wconf 88' lang='lat' dir='ltr'><strong>Inschriften</strong></span> <span class='ocrx_word' id='word_1_98' title='bbox 852 1036 964 1079; x_wconf 86' lang='lat'>1903</span> <span class='ocrx_word' id='word_1_99' title='bbox 1014 1051 1053 1092; x_wconf 89' lang='lat' dir='ltr'><strong>p.</strong></span> <span class='ocrx_word' id='word_1_100' title='bbox 1092 1037 1192 1089; x_wconf 88' lang='lat'>151)</span> <span class='ocrx_word' id='word_1_101' title='bbox 1245 1037 1539 1081; x_wconf 77' lang='lat' dir='ltr'><strong>consentiente</strong></span> <span class='ocrx_word' id='word_1_102' title='bbox 1585 1036 1836 1080; x_wconf 87' lang='lat' dir='ltr'><strong>Philodemo</strong></span> 
     </span>
     <span class='ocr_line' id='line_1_14' title="bbox 276 1106 1836 1163; baseline 0.001 -14"><span class='ocrx_word' id='word_1_103' title='bbox 276 1107 476 1159; x_wconf 67' lang='lat' dir='ltr'><strong>(Cronert</strong></span> <span class='ocrx_word' id='word_1_104' title='bbox 507 1120 548 1162; x_wconf 86' lang='lat' dir='ltr'><strong>p.</strong></span> <span class='ocrx_word' id='word_1_105' title='bbox 571 1107 750 1161; x_wconf 87' lang='grc'>272,1).</span> <span class='ocrx_word' id='word_1_106' title='bbox 815 1107 1080 1162; x_wconf 86' lang='lat' dir='ltr'><strong>Scriptorum</strong></span> <span class='ocrx_word' id='word_1_107' title='bbox 1114 1106 1239 1150; x_wconf 89' lang='lat' dir='ltr'><strong>codd.</strong></span> <span class='ocrx_word' id='word_1_108' title='bbox 1272 1107 1498 1161; x_wconf 80' lang='lat' dir='ltr'><strong>fluctuant,</strong></span> <span class='ocrx_word' id='word_1_109' title='bbox 1527 1113 1667 1163; x_wconf 86' lang='lat' dir='ltr'><strong>&#39;neque</strong></span> <span class='ocrx_word' id='word_1_110' title='bbox 1698 1108 1836 1163; x_wconf 79' lang='lat' dir='ltr'><strong>magis</strong></span> 
     </span>
     <span class='ocr_line' id='line_1_15' title="bbox 275 1178 1835 1234; baseline 0 -14"><span class='ocrx_word' id='word_1_111' title='bbox 275 1179 316 1220; x_wconf 89' lang='lat' dir='ltr'><strong>in</strong></span> <span class='ocrx_word' id='word_1_112' title='bbox 351 1178 522 1234; x_wconf 90' lang='lat' dir='ltr'><strong>Polybii</strong></span> <span class='ocrx_word' id='word_1_113' title='bbox 564 1178 684 1221; x_wconf 88' lang='lat' dir='ltr'><strong>libris</strong></span> <span class='ocrx_word' id='word_1_114' title='bbox 714 1190 842 1220; x_wconf 90' lang='lat' dir='ltr'><strong>manu</strong></span> <span class='ocrx_word' id='word_1_115' title='bbox 874 1178 1045 1233; x_wconf 86' lang='lat' dir='ltr'><strong>scriptis</strong></span> <span class='ocrx_word' id='word_1_116' title='bbox 1077 1178 1206 1221; x_wconf 88' lang='lat' dir='ltr'><strong>lectio</strong></span> <span class='ocrx_word' id='word_1_117' title='bbox 1237 1184 1419 1221; x_wconf 87' lang='lat' dir='ltr'><strong>constat.</strong></span> <span class='ocrx_word' id='word_1_118' title='bbox 1483 1179 1639 1222; x_wconf 87' lang='lat' dir='ltr'><strong>Forma</strong></span> <span class='ocrx_word' id='word_1_119' title='bbox 1670 1179 1835 1221; x_wconf 92' lang='lat' dir='ltr'><strong>duobus</strong></span> 
     </span>
     <span class='ocr_line' id='line_1_16' title="bbox 274 1248 1833 1304; baseline 0.001 -13"><span class='ocrx_word' id='word_1_120' title='bbox 274 1250 516 1303; x_wconf 75' lang='lat' dir='ltr'><strong>augmentis</strong></span> <span class='ocrx_word' id='word_1_121' title='bbox 547 1248 756 1291; x_wconf 86' lang='lat' dir='ltr'><strong>instructa</strong></span> <span class='ocrx_word' id='word_1_122' title='bbox 791 1249 845 1290; x_wconf 88' lang='lat'><strong>15</strong></span> <span class='ocrx_word' id='word_1_123' title='bbox 862 1248 924 1291; x_wconf 90' lang='lat' dir='ltr'><strong>ies</strong></span> <span class='ocrx_word' id='word_1_124' title='bbox 946 1253 1123 1291; x_wconf 86' lang='lat' dir='ltr'><strong>exarata</strong></span> <span class='ocrx_word' id='word_1_125' title='bbox 1145 1252 1223 1303; x_wconf 87' lang='lat' dir='ltr'><strong>est,</strong></span> <span class='ocrx_word' id='word_1_126' title='bbox 1256 1249 1408 1304; x_wconf 93' lang='lat' dir='ltr'><strong>quibus</strong></span> <span class='ocrx_word' id='word_1_127' title='bbox 1428 1249 1570 1294; x_wconf 84' lang='lat' dir='ltr'><strong>obstat</strong></span> <span class='ocrx_word' id='word_1_128' title='bbox 1591 1249 1833 1302; x_wconf 70' lang='grc' dir='ltr'>ὺίεὲόρακα</span> 
     </span>
     <span class='ocr_line' id='line_1_17' title="bbox 276 1318 1833 1375; baseline 0.001 -13"><span class='ocrx_word' id='word_1_129' title='bbox 276 1319 656 1375; x_wconf 83' lang='lat' dir='ltr'><strong>praestantissimis</strong></span> <span class='ocrx_word' id='word_1_130' title='bbox 678 1318 897 1362; x_wconf 87' lang='lat' dir='ltr'><strong>codicibus</strong></span> <span class='ocrx_word' id='word_1_131' title='bbox 919 1319 1128 1362; x_wconf 80' lang='lat' dir='ltr'><strong>Vaticano</strong></span> <span class='ocrx_word' id='word_1_132' title='bbox 1151 1324 1194 1362; x_wconf 92' lang='lat' dir='ltr'><strong>et</strong></span> <span class='ocrx_word' id='word_1_133' title='bbox 1215 1320 1421 1362; x_wconf 87' lang='lat' dir='ltr'><strong>Urbinate</strong></span> <span class='ocrx_word' id='word_1_134' title='bbox 1442 1324 1627 1363; x_wconf 86' lang='lat' dir='ltr'><strong>servata.</strong></span> <span class='ocrx_word' id='word_1_135' title='bbox 1683 1321 1833 1375; x_wconf 87' lang='lat' dir='ltr'><strong>Neque</strong></span> 
     </span>
     <span class='ocr_line' id='line_1_18' title="bbox 277 1380 1834 1446; baseline 0.001 -13"><span class='ocrx_word' id='word_1_136' title='bbox 277 1391 386 1435; x_wconf 88' lang='lat' dir='ltr'><strong>hanc</strong></span> <span class='ocrx_word' id='word_1_137' title='bbox 432 1391 610 1433; x_wconf 86' lang='lat' dir='ltr'><strong>formam</strong></span> <span class='ocrx_word' id='word_1_138' title='bbox 653 1380 884 1446; x_wconf 78' lang='lat' dir='ltr'><strong>propterea</strong></span> <span class='ocrx_word' id='word_1_139' title='bbox 925 1389 1037 1445; x_wconf 88' lang='lat' dir='ltr'><strong>qnod</strong></span> <span class='ocrx_word' id='word_1_140' title='bbox 1079 1396 1165 1433; x_wconf 87' lang='lat' dir='ltr'><strong>tam</strong></span> <span class='ocrx_word' id='word_1_141' title='bbox 1205 1404 1300 1434; x_wconf 88' lang='lat' dir='ltr'><strong>raro</strong></span> <span class='ocrx_word' id='word_1_142' title='bbox 1332 1391 1514 1435; x_wconf 87' lang='lat' dir='ltr'><strong>occurrit</strong></span> <span class='ocrx_word' id='word_1_143' title='bbox 1546 1392 1688 1440; x_wconf 81' lang='lat' dir='ltr'><strong>statim</strong></span> <span class='ocrx_word' id='word_1_144' title='bbox 1721 1391 1834 1435; x_wconf 92' lang='lat' dir='ltr'><strong>dele-</strong></span> 
     </span>
     <span class='ocr_line' id='line_1_19' title="bbox 276 1453 1830 1519; baseline 0.001 -15"><span class='ocrx_word' id='word_1_145' title='bbox 276 1463 426 1512; x_wconf 86' lang='lat' dir='ltr'><strong>bimus,</strong></span> <span class='ocrx_word' id='word_1_146' title='bbox 460 1462 622 1505; x_wconf 80' lang='lat' dir='ltr'><strong>formns</strong></span> <span class='ocrx_word' id='word_1_147' title='bbox 644 1462 900 1505; x_wconf 85' lang='lat' dir='ltr'><strong>vetustiores</strong></span> <span class='ocrx_word' id='word_1_148' title='bbox 932 1467 975 1504; x_wconf 92' lang='lat' dir='ltr'><strong>et</strong></span> <span class='ocrx_word' id='word_1_149' title='bbox 1007 1462 1266 1505; x_wconf 84' lang='lat' dir='ltr'><strong>recentiores</strong></span> <span class='ocrx_word' id='word_1_150' title='bbox 1287 1453 1410 1505; x_wconf 79' lang='lat' dir='ltr'><strong>simul</strong></span> <span class='ocrx_word' id='word_1_151' title='bbox 1434 1462 1640 1506; x_wconf 87' lang='lat' dir='ltr'><strong>adhibere</strong></span> <span class='ocrx_word' id='word_1_152' title='bbox 1663 1463 1830 1519; x_wconf 85' lang='lat' dir='ltr'><strong>Polybii</strong></span> 
     </span>
     <span class='ocr_line' id='line_1_20' title="bbox 273 1543 618 1577; baseline -0.003 0"><span class='ocrx_word' id='word_1_153' title='bbox 273 1543 366 1577; x_wconf 87' lang='lat' dir='ltr'><strong>esse</strong></span> <span class='ocrx_word' id='word_1_154' title='bbox 398 1546 618 1577; x_wconf 84' lang='lat' dir='ltr'><strong>memores.</strong></span> 
     </span>
    </p>

    <p class='ocr_par' dir='ltr' id='par_1_4' title="bbox 263 1603 1830 2229">
     <span class='ocr_line' id='line_1_21' title="bbox 414 1603 1830 1660; baseline 0 -13"><span class='ocrx_word' id='word_1_155' title='bbox 414 1604 578 1653; x_wconf 77' lang='lat' dir='ltr'><strong>Restat,</strong></span> <span class='ocrx_word' id='word_1_156' title='bbox 624 1609 668 1646; x_wconf 90' lang='lat' dir='ltr'><strong>ut</strong></span> <span class='ocrx_word' id='word_1_157' title='bbox 706 1605 855 1660; x_wconf 86' lang='lat' dir='ltr'><strong>paucis</strong></span> <span class='ocrx_word' id='word_1_158' title='bbox 893 1617 1139 1647; x_wconf 89' lang='lat' dir='ltr'><strong>moneamus</strong></span> <span class='ocrx_word' id='word_1_159' title='bbox 1175 1603 1384 1646; x_wconf 90' lang='lat' dir='ltr'><strong>interdum</strong></span> <span class='ocrx_word' id='word_1_160' title='bbox 1425 1608 1696 1660; x_wconf 83' lang='lat' dir='ltr'><strong>augmentum</strong></span> <span class='ocrx_word' id='word_1_161' title='bbox 1728 1609 1830 1648; x_wconf 89' lang='lat' dir='ltr'><strong>tem—</strong></span> 
     </span>
     <span class='ocr_line' id='line_1_22' title="bbox 271 1675 1827 1731; baseline -0.001 -13"><span class='ocrx_word' id='word_1_162' title='bbox 271 1675 418 1731; x_wconf 89' lang='lat' dir='ltr'><strong>porale</strong></span> <span class='ocrx_word' id='word_1_163' title='bbox 451 1675 578 1717; x_wconf 89' lang='lat' dir='ltr'><strong>etiam</strong></span> <span class='ocrx_word' id='word_1_164' title='bbox 611 1675 654 1717; x_wconf 91' lang='lat' dir='ltr'><strong>in</strong></span> <span class='ocrx_word' id='word_1_165' title='bbox 687 1675 1223 1731; x_wconf 82' lang='lat' dir='ltr'><strong>plusquamperfecto</strong></span> <span class='ocrx_word' id='word_1_166' title='bbox 1255 1675 1479 1718; x_wconf 90' lang='lat' dir='ltr'><strong>verborum</strong></span> <span class='ocrx_word' id='word_1_167' title='bbox 1502 1675 1827 1731; x_wconf 90' lang='lat' dir='ltr'><strong>compositorum</strong></span> 
     </span>
     <span class='ocr_line' id='line_1_23' title="bbox 270 1741 1828 1799; baseline -0.001 -10"><span class='ocrx_word' id='word_1_168' title='bbox 270 1745 419 1789; x_wconf 84' lang='lat' dir='ltr'><strong>deesse</strong></span> <span class='ocrx_word' id='word_1_169' title='bbox 452 1752 498 1788; x_wconf 87' lang='lat' dir='ltr'><strong>ut</strong></span> <span class='ocrx_word' id='word_1_170' title='bbox 533 1748 570 1799; x_wconf 89' lang='lat'><strong>1,</strong></span> <span class='ocrx_word' id='word_1_171' title='bbox 589 1746 661 1798; x_wconf 88' lang='grc'><strong>28,</strong></span> <span class='ocrx_word' id='word_1_172' title='bbox 683 1748 730 1787; x_wconf 93' lang='grc'><strong>11</strong></span> <span class='ocrx_word' id='word_1_173' title='bbox 767 1745 1085 1796; x_wconf 86' lang='grc' dir='ltr'>ἀπολώλεισαν,</span> <span class='ocrx_word' id='word_1_174' title='bbox 1122 1741 1189 1798; x_wconf 84' lang='grc'><strong>18,</strong></span> <span class='ocrx_word' id='word_1_175' title='bbox 1211 1746 1278 1798; x_wconf 90' lang='grc'><strong>13,</strong></span> <span class='ocrx_word' id='word_1_176' title='bbox 1297 1747 1331 1787; x_wconf 88' lang='grc'><strong>8-</strong></span> <span class='ocrx_word' id='word_1_177' title='bbox 1355 1745 1590 1796; x_wconf 86' lang='grc' dir='ltr'>ἀπολώλει;</span> <span class='ocrx_word' id='word_1_178' title='bbox 1628 1748 1664 1799; x_wconf 90' lang='grc'><strong>1,</strong></span> <span class='ocrx_word' id='word_1_179' title='bbox 1681 1747 1753 1799; x_wconf 89' lang='grc'><strong>40,</strong></span> <span class='ocrx_word' id='word_1_180' title='bbox 1774 1747 1828 1788; x_wconf 89' lang='grc'><strong>10</strong></span> 
     </span>
     <span class='ocr_line' id='line_1_24' title="bbox 267 1815 1829 1872; baseline 0.001 -13"><span class='ocrx_word' id='word_1_181' title='bbox 267 1817 494 1870; x_wconf 79' lang='grc' dir='ltr'>ἐφεστήκει</span> <span class='ocrx_word' id='word_1_182' title='bbox 512 1818 679 1871; x_wconf 88' lang='lat' dir='ltr'><strong>(contra</strong></span> <span class='ocrx_word' id='word_1_183' title='bbox 700 1815 825 1860; x_wconf 87' lang='lat' dir='ltr'><strong>adest</strong></span> <span class='ocrx_word' id='word_1_184' title='bbox 841 1816 883 1859; x_wconf 91' lang='lat' dir='ltr'><strong>in</strong></span> <span class='ocrx_word' id='word_1_185' title='bbox 901 1816 1030 1859; x_wconf 90' lang='lat' dir='ltr'><strong>verbo</strong></span> <span class='ocrx_word' id='word_1_186' title='bbox 1047 1815 1230 1872; x_wconf 83' lang='lat' dir='ltr'><strong>simplici</strong></span> <span class='ocrx_word' id='word_1_187' title='bbox 1247 1816 1427 1868; x_wconf 85' lang='grc' dir='ltr'>εἱστήκει</span> <span class='ocrx_word' id='word_1_188' title='bbox 1448 1817 1571 1867; x_wconf 84' lang='grc'>1,·22,</span> <span class='ocrx_word' id='word_1_189' title='bbox 1585 1818 1613 1858; x_wconf 90' lang='grc'>4</span> <span class='ocrx_word' id='word_1_190' title='bbox 1631 1821 1674 1859; x_wconf 89' lang='lat' dir='ltr'><strong>et</strong></span> <span class='ocrx_word' id='word_1_191' title='bbox 1689 1818 1829 1860; x_wconf 85' lang='lat' dir='ltr'><strong>sexies</strong></span> 
     </span>
     <span class='ocr_line' id='line_1_25' title="bbox 267 1876 1828 1943; baseline 0.001 -14"><span class='ocrx_word' id='word_1_192' title='bbox 267 1889 310 1930; x_wconf 91' lang='lat' dir='ltr'><strong>in</strong></span> <span class='ocrx_word' id='word_1_193' title='bbox 343 1888 625 1943; x_wconf 88' lang='lat' dir='ltr'><strong>compositis);</strong></span> <span class='ocrx_word' id='word_1_194' title='bbox 663 1888 728 1940; x_wconf 94' lang='grc'><strong>10,</strong></span> <span class='ocrx_word' id='word_1_195' title='bbox 753 1887 835 1938; x_wconf 76' lang='grc'>20,</span> <span class='ocrx_word' id='word_1_196' title='bbox 850 1887 876 1929; x_wconf 82' lang='grc'>5</span> <span class='ocrx_word' id='word_1_197' title='bbox 898 1886 1138 1939; x_wconf 82' lang='grc' dir='ltr'>ἐφεστάκει.</span> <span class='ocrx_word' id='word_1_198' title='bbox 1165 1876 1342 1929; x_wconf 59' lang='lat' dir='ltr'><strong>&#39;Carent</strong></span> <span class='ocrx_word' id='word_1_199' title='bbox 1375 1891 1569 1943; x_wconf 86' lang='lat' dir='ltr'><strong>praetera</strong></span> <span class='ocrx_word' id='word_1_200' title='bbox 1599 1890 1828 1942; x_wconf 76' lang='lat' dir='ltr'><strong>augmento</strong></span> 
     </span>
     <span class='ocr_line' id='line_1_26' title="bbox 266 1957 1825 2012; baseline 0 -11"><span class='ocrx_word' id='word_1_201' title='bbox 266 1957 441 2012; x_wconf 84' lang='grc' dir='ltr'>ἀγηόχει</span> <span class='ocrx_word' id='word_1_202' title='bbox 474 1959 545 2012; x_wconf 88' lang='grc'><strong>30,</strong></span> <span class='ocrx_word' id='word_1_203' title='bbox 573 1959 615 2011; x_wconf 87' lang='grc'><strong>4,</strong></span> <span class='ocrx_word' id='word_1_204' title='bbox 648 1958 725 2007; x_wconf 88' lang='grc'><strong>17;</strong></span> <span class='ocrx_word' id='word_1_205' title='bbox 774 1958 991 2010; x_wconf 85' lang='grc' dir='ltr'>ἐξαγηόχει</span> <span class='ocrx_word' id='word_1_206' title='bbox 1024 1958 1095 2010; x_wconf 80' lang='lat'><strong>25,</strong></span> <span class='ocrx_word' id='word_1_207' title='bbox 1125 1958 1166 2012; x_wconf 92' lang='grc'><strong>2,</strong></span> <span class='ocrx_word' id='word_1_208' title='bbox 1188 1959 1238 2007; x_wconf 68' lang='lat'><strong>53&#39;</strong></span> <span class='ocrx_word' id='word_1_209' title='bbox 1272 1958 1461 2001; x_wconf 84' lang='grc' dir='ltr'>-ἑαλώκει</span> <span class='ocrx_word' id='word_1_210' title='bbox 1505 1959 1544 2012; x_wconf 91' lang='grc'><strong>1,</strong></span> <span class='ocrx_word' id='word_1_211' title='bbox 1566 1958 1638 2012; x_wconf 88' lang='lat'><strong>38,</strong></span> <span class='ocrx_word' id='word_1_212' title='bbox 1661 1958 1707 2008; x_wconf 83' lang='lat'><strong>9;</strong></span> <span class='ocrx_word' id='word_1_213' title='bbox 1754 1959 1825 2012; x_wconf 89' lang='lat'><strong>30,</strong></span> 
     </span>
     <span class='ocr_line' id='line_1_27' title="bbox 269 2029 1826 2089; baseline 0 -15"><span class='ocrx_word' id='word_1_214' title='bbox 269 2031 336 2089; x_wconf 79' lang='grc'>17,</span> <span class='ocrx_word' id='word_1_215' title='bbox 359 2031 386 2073; x_wconf 89' lang='grc'>3</span> <span class='ocrx_word' id='word_1_216' title='bbox 402 2031 514 2074; x_wconf 89' lang='lat' dir='ltr'><strong>sicut</strong></span> <span class='ocrx_word' id='word_1_217' title='bbox 535 2029 780 2083; x_wconf 88' lang='grc' dir='ltr'>μετεσχήκει</span> <span class='ocrx_word' id='word_1_218' title='bbox 802 2031 843 2081; x_wconf 90' lang='grc'><strong>2,</strong></span> <span class='ocrx_word' id='word_1_219' title='bbox 865 2030 937 2084; x_wconf 89' lang='lat'><strong>44,</strong></span> <span class='ocrx_word' id='word_1_220' title='bbox 959 2031 1006 2080; x_wconf 89' lang='lat'><strong>5;</strong></span> <span class='ocrx_word' id='word_1_221' title='bbox 1030 2030 1300 2083; x_wconf 90' lang='grc' dir='ltr'>συνέσχηντο</span> <span class='ocrx_word' id='word_1_222' title='bbox 1321 2032 1362 2083; x_wconf 88' lang='grc'><strong>3,</strong></span> <span class='ocrx_word' id='word_1_223' title='bbox 1391 2030 1459 2081; x_wconf 88' lang='grc'>62,</span> <span class='ocrx_word' id='word_1_224' title='bbox 1481 2031 1532 2085; x_wconf 79' lang='lat'><strong>43</strong></span> <span class='ocrx_word' id='word_1_225' title='bbox 1554 2030 1826 2083; x_wconf 86' lang='grc' dir='ltr'>παρέσχηντο</span> 
     </span>
     <span class='ocr_line' id='line_1_28' title="bbox 263 2101 1826 2158; baseline -0.001 -13"><span class='ocrx_word' id='word_1_226' title='bbox 263 2103 335 2154; x_wconf 90' lang='grc'>21,</span> <span class='ocrx_word' id='word_1_227' title='bbox 352 2102 425 2156; x_wconf 89' lang='grc'>46,</span> <span class='ocrx_word' id='word_1_228' title='bbox 442 2103 470 2145; x_wconf 92' lang='grc'><strong>6</strong></span> <span class='ocrx_word' id='word_1_229' title='bbox 492 2107 536 2145; x_wconf 89' lang='lat' dir='ltr'><strong>et</strong></span> <span class='ocrx_word' id='word_1_230' title='bbox 557 2107 604 2145; x_wconf 90' lang='lat' dir='ltr'><strong>nt</strong></span> <span class='ocrx_word' id='word_1_231' title='bbox 627 2108 956 2146; x_wconf 81' lang='lat' dir='ltr'><strong>consentaneum</strong></span> <span class='ocrx_word' id='word_1_232' title='bbox 980 2108 1044 2145; x_wconf 90' lang='lat' dir='ltr'><strong>est</strong></span> <span class='ocrx_word' id='word_1_233' title='bbox 1061 2101 1301 2153; x_wconf 87' lang='grc' dir='ltr'>ἐξεληλύθει</span> <span class='ocrx_word' id='word_1_234' title='bbox 1323 2103 1364 2156; x_wconf 90' lang='grc'>2,</span> <span class='ocrx_word' id='word_1_235' title='bbox 1386 2102 1457 2154; x_wconf 89' lang='grc'>24,</span> <span class='ocrx_word' id='word_1_236' title='bbox 1474 2103 1502 2144; x_wconf 89' lang='grc'>3</span> <span class='ocrx_word' id='word_1_237' title='bbox 1524 2107 1568 2144; x_wconf 90' lang='lat' dir='ltr'><strong>et</strong></span> <span class='ocrx_word' id='word_1_238' title='bbox 1586 2101 1826 2158; x_wconf 49' lang='grc' dir='ltr'>’διεληλύθει</span> 
     </span>
     <span class='ocr_line' id='line_1_29' title="bbox 263 2172 1824 2229; baseline 0.001 -14"><span class='ocrx_word' id='word_1_239' title='bbox 263 2175 305 2225; x_wconf 90' lang='lat'><strong>4,</strong></span> <span class='ocrx_word' id='word_1_240' title='bbox 320 2173 392 2227; x_wconf 84' lang='lat'><strong>39,</strong></span> <span class='ocrx_word' id='word_1_241' title='bbox 410 2174 476 2218; x_wconf 88' lang='grc'><strong>12.</strong></span> <span class='ocrx_word' id='word_1_242' title='bbox 501 2172 677 2227; x_wconf 88' lang='lat' dir='ltr'><strong>Quibus,</strong></span> <span class='ocrx_word' id='word_1_243' title='bbox 695 2186 747 2216; x_wconf 90' lang='lat' dir='ltr'><strong>ne</strong></span> <span class='ocrx_word' id='word_1_244' title='bbox 763 2172 1042 2227; x_wconf 89' lang='lat' dir='ltr'><strong>seiungantur</strong></span> <span class='ocrx_word' id='word_1_245' title='bbox 1057 2186 1124 2216; x_wconf 89' lang='lat' dir='ltr'><strong>res</strong></span> <span class='ocrx_word' id='word_1_246' title='bbox 1141 2177 1364 2229; x_wconf 85' lang='lat' dir='ltr'><strong>cognatae,</strong></span> <span class='ocrx_word' id='word_1_247' title='bbox 1383 2172 1555 2217; x_wconf 85' lang='lat' dir='ltr'><strong>adicere</strong></span> <span class='ocrx_word' id='word_1_248' title='bbox 1568 2172 1698 2216; x_wconf 87' lang='lat' dir='ltr'><strong>liceat</strong></span> <span class='ocrx_word' id='word_1_249' title='bbox 1715 2178 1824 2227; x_wconf 86' lang='lat' dir='ltr'><strong>qnae</strong></span> 
     </span>
    </p>
   </div>
   <div class='ocr_carea' id='block_1_3' title="bbox 256 2254 1829 2821">
    <p class='ocr_par' dir='ltr' id='par_1_5' title="bbox 256 2254 1829 2821">
     <span class='ocr_line' id='line_1_30' title="bbox 711 2254 1380 2311; baseline -0.001 -13"><span class='ocrx_word' id='word_1_250' title='bbox 711 2255 774 2298; x_wconf 90' lang='lat' dir='ltr'><strong>de</strong></span> <span class='ocrx_word' id='word_1_251' title='bbox 806 2260 1084 2310; x_wconf 87' lang='lat' dir='ltr'><strong>augmento</strong></span> <span class='ocrx_word' id='word_1_252' title='bbox 1116 2254 1380 2311; x_wconf 88' lang='lat' dir='ltr'><strong>syllabico</strong></span> 
     </span>
     <span class='ocr_line' id='line_1_31' title="bbox 404 2322 1827 2383; baseline -0.001 -13"><span class='ocrx_word' id='word_1_253' title='bbox 404 2326 460 2371; x_wconf 90' lang='lat' dir='ltr'><strong>ad</strong></span> <span class='ocrx_word' id='word_1_254' title='bbox 485 2325 948 2383; x_wconf 82' lang='lat' dir='ltr'><strong>plusquamperfectum</strong></span> <span class='ocrx_word' id='word_1_255' title='bbox 972 2326 1209 2382; x_wconf 88' lang='lat' dir='ltr'><strong>pertinente</strong></span> <span class='ocrx_word' id='word_1_256' title='bbox 1231 2325 1416 2368; x_wconf 87' lang='lat' dir='ltr'><strong>dicenda</strong></span> <span class='ocrx_word' id='word_1_257' title='bbox 1436 2330 1546 2369; x_wconf 85' lang='lat' dir='ltr'><strong>sunt.</strong></span> <span class='ocrx_word' id='word_1_258' title='bbox 1586 2325 1679 2377; x_wconf 83' lang='lat' dir='ltr'><strong>Qua</strong></span> <span class='ocrx_word' id='word_1_259' title='bbox 1701 2325 1755 2370; x_wconf 94' lang='lat' dir='ltr'><strong>de</strong></span> <span class='ocrx_word' id='word_1_260' title='bbox 1770 2322 1827 2369; x_wconf 66' lang='lat' dir='ltr'><strong>&#39;re‘</strong></span> 
     </span>
     <span class='ocr_line' id='line_1_32' title="bbox 261 2392 1822 2455; baseline -0.001 -13"><span class='ocrx_word' id='word_1_261' title='bbox 261 2395 351 2455; x_wconf 72' lang='lat' dir='ltr'><strong>egit</strong></span> <span class='ocrx_word' id='word_1_262' title='bbox 382 2392 646 2450; x_wconf 86' lang='lat' dir='ltr'><strong>Hnltschius,</strong></span> <span class='ocrx_word' id='word_1_263' title='bbox 681 2397 752 2453; x_wconf 92' lang='lat' dir='ltr'><strong>qui</strong></span> <span class='ocrx_word' id='word_1_264' title='bbox 774 2396 950 2440; x_wconf 85' lang='lat' dir='ltr'>XXXII</span> <span class='ocrx_word' id='word_1_265' title='bbox 976 2397 1030 2440; x_wconf 87' lang='lat'><strong>16</strong></span> <span class='ocrx_word' id='word_1_266' title='bbox 1051 2411 1092 2454; x_wconf 90' lang='lat' dir='ltr'><strong>p.</strong></span> <span class='ocrx_word' id='word_1_267' title='bbox 1117 2397 1174 2441; x_wconf 87' lang='lat'><strong>89</strong></span> <span class='ocrx_word' id='word_1_268' title='bbox 1190 2407 1283 2453; x_wconf 85' lang='lat' dir='ltr'><strong>sqq.</strong></span> <span class='ocrx_word' id='word_1_269' title='bbox 1306 2397 1517 2442; x_wconf 88' lang='lat' dir='ltr'><strong>uberrime</strong></span> <span class='ocrx_word' id='word_1_270' title='bbox 1548 2395 1748 2441; x_wconf 84' lang='lat' dir='ltr'><strong>disseruit</strong></span> <span class='ocrx_word' id='word_1_271' title='bbox 1769 2396 1822 2441; x_wconf 90' lang='lat' dir='ltr'><strong>de</strong></span> 
     </span>
     <span class='ocr_line' id='line_1_33' title="bbox 260 2458 1829 2526; baseline 0 -14"><span class='ocrx_word' id='word_1_272' title='bbox 260 2470 679 2526; x_wconf 78' lang='lat' dir='ltr'><strong>plusquamperfecto</strong></span> <span class='ocrx_word' id='word_1_273' title='bbox 704 2460 951 2525; x_wconf 71' lang='lat' dir='ltr'><strong>Polybiano.</strong></span> <span class='ocrx_word' id='word_1_274' title='bbox 1003 2458 1272 2525; x_wconf 81' lang='lat' dir='ltr'><strong>Polybiusin</strong></span> <span class='ocrx_word' id='word_1_275' title='bbox 1295 2463 1563 2524; x_wconf 84' lang='lat' dir='ltr'><strong>neglegendo</strong></span> <span class='ocrx_word' id='word_1_276' title='bbox 1594 2473 1829 2525; x_wconf 26' lang='lat' dir='ltr'><strong>augmento-v</strong></span> 
     </span>
     <span class='ocr_line' id='line_1_34' title="bbox 260 2531 1822 2597; baseline -0.001 -13"><span class='ocrx_word' id='word_1_277' title='bbox 260 2541 508 2597; x_wconf 86' lang='lat' dir='ltr'><strong>praesertim</strong></span> <span class='ocrx_word' id='word_1_278' title='bbox 546 2540 766 2584; x_wconf 75' lang='lat' dir='ltr'><strong>verborum</strong></span> <span class='ocrx_word' id='word_1_279' title='bbox 801 2541 1128 2597; x_wconf 84' lang='lat' dir='ltr'><strong>compositorum·</strong></span> <span class='ocrx_word' id='word_1_280' title='bbox 1151 2540 1353 2584; x_wconf 89' lang='lat' dir='ltr'><strong>maiorem</strong></span> <span class='ocrx_word' id='word_1_281' title='bbox 1373 2531 1600 2584; x_wconf 76' lang='lat' dir='ltr'><strong>&#39;licentiam</strong></span> <span class='ocrx_word' id='word_1_282' title='bbox 1621 2539 1701 2584; x_wconf 88' lang='lat' dir='ltr'><strong>sibi</strong></span> <span class='ocrx_word' id='word_1_283' title='bbox 1724 2554 1822 2594; x_wconf 80' lang='lat' dir='ltr'><strong>eon—</strong></span> 
     </span>
     <span class='ocr_line' id='line_1_35' title="bbox 258 2605 1828 2673; baseline -0.002 -17"><span class='ocrx_word' id='word_1_284' title='bbox 258 2613 388 2673; x_wconf 85' lang='lat' dir='ltr'><strong>cessit</strong></span> <span class='ocrx_word' id='word_1_285' title='bbox 402 2625 527 2667; x_wconf 90' lang='lat' dir='ltr'><strong>quam</strong></span> <span class='ocrx_word' id='word_1_286' title='bbox 544 2612 721 2668; x_wconf 87' lang='lat' dir='ltr'><strong>priores.</strong></span> <span class='ocrx_word' id='word_1_287' title='bbox 745 2611 983 2654; x_wconf 86' lang='lat' dir='ltr'><strong>Atticorum</strong></span> <span class='ocrx_word' id='word_1_288' title='bbox 998 2615 1114 2654; x_wconf 82' lang='lat' dir='ltr'><strong>certe</strong></span> <span class='ocrx_word' id='word_1_289' title='bbox 1130 2611 1240 2654; x_wconf 87' lang='lat' dir='ltr'><strong>ratio</strong></span> <span class='ocrx_word' id='word_1_290' title='bbox 1254 2624 1306 2654; x_wconf 84' lang='lat' dir='ltr'><strong>ea</strong></span> <span class='ocrx_word' id='word_1_291' title='bbox 1320 2615 1398 2665; x_wconf 90' lang='lat' dir='ltr'><strong>est,</strong></span> <span class='ocrx_word' id='word_1_292' title='bbox 1417 2616 1463 2654; x_wconf 88' lang='lat' dir='ltr'><strong>ut</strong></span> <span class='ocrx_word' id='word_1_293' title='bbox 1475 2605 1690 2655; x_wconf 81' lang='lat' dir='ltr'><strong>rarissime</strong></span> <span class='ocrx_word' id='word_1_294' title='bbox 1703 2611 1828 2654; x_wconf 64' lang='lat' dir='ltr'><strong>omit--</strong></span> 
     </span>
     <span class='ocr_line' id='line_1_36' title="bbox 256 2676 1825 2741; baseline -0.001 -15"><span class='ocrx_word' id='word_1_295' title='bbox 256 2688 351 2726; x_wconf 88' lang='lat' dir='ltr'><strong>tant</strong></span> <span class='ocrx_word' id='word_1_296' title='bbox 363 2688 636 2741; x_wconf 84' lang='lat' dir='ltr'><strong>augmentum</strong></span> <span class='ocrx_word' id='word_1_297' title='bbox 650 2684 694 2735; x_wconf 88' lang='lat'><strong>¹).</strong></span> <span class='ocrx_word' id='word_1_298' title='bbox 713 2681 871 2725; x_wconf 86' lang='lat' dir='ltr'><strong>Contra</strong></span> <span class='ocrx_word' id='word_1_299' title='bbox 885 2681 1090 2738; x_wconf 87' lang='lat' dir='ltr'><strong>Polybius</strong></span> <span class='ocrx_word' id='word_1_300' title='bbox 1104 2681 1168 2726; x_wconf 84' lang='lat' dir='ltr'><strong>bis</strong></span> <span class='ocrx_word' id='word_1_301' title='bbox 1180 2682 1285 2726; x_wconf 91' lang='lat' dir='ltr'><strong>locis</strong></span> <span class='ocrx_word' id='word_1_302' title='bbox 1296 2676 1570 2738; x_wconf 80' lang='lat' dir='ltr'><strong>augmentum</strong></span> <span class='ocrx_word' id='word_1_303' title='bbox 1581 2682 1664 2725; x_wconf 84' lang='lat' dir='ltr'><strong>&#39;non</strong></span> <span class='ocrx_word' id='word_1_304' title='bbox 1678 2678 1825 2738; x_wconf 71' lang='lat' dir='ltr'><strong>posuit</strong></span> 
     </span>
     <span class='ocr_line' id='line_1_37' title="bbox 402 2752 1818 2821; baseline 0.001 -15"><span class='ocrx_word' id='word_1_305' title='bbox 402 2771 439 2813; x_wconf 94' lang='lat'><strong>1)</strong></span> <span class='ocrx_word' id='word_1_306' title='bbox 465 2770 643 2813; x_wconf 79' lang='lat' dir='ltr'><strong>Blassius</strong></span> <span class='ocrx_word' id='word_1_307' title='bbox 658 2771 698 2805; x_wconf 89' lang='lat' dir='ltr'><strong>in</strong></span> <span class='ocrx_word' id='word_1_308' title='bbox 714 2768 918 2805; x_wconf 84' lang='lat' dir='ltr'><strong>Kuehneri</strong></span> <span class='ocrx_word' id='word_1_309' title='bbox 938 2768 1004 2814; x_wconf 84' lang='lat' dir='ltr'><strong>Gr.</strong></span> <span class='ocrx_word' id='word_1_310' title='bbox 1020 2752 1078 2816; x_wconf 62' lang='lat' dir='ltr'><strong>gr.</strong></span> <span class='ocrx_word' id='word_1_311' title='bbox 1093 2767 1129 2804; x_wconf 89' lang='lat'><strong>11</strong></span> <span class='ocrx_word' id='word_1_312' title='bbox 1148 2779 1184 2816; x_wconf 90' lang='lat' dir='ltr'><strong>p.</strong></span> <span class='ocrx_word' id='word_1_313' title='bbox 1199 2769 1243 2804; x_wconf 82' lang='lat'><strong>21</strong></span> <span class='ocrx_word' id='word_1_314' title='bbox 1260 2762 1378 2821; x_wconf 80' lang='lat' dir='ltr'><strong>docet</strong></span> <span class='ocrx_word' id='word_1_315' title='bbox 1396 2770 1442 2816; x_wconf 85' lang='lat' dir='ltr'><strong>in.</strong></span> <span class='ocrx_word' id='word_1_316' title='bbox 1455 2766 1639 2819; x_wconf 80' lang='lat' dir='ltr'><strong>omnibus</strong></span> <span class='ocrx_word' id='word_1_317' title='bbox 1656 2766 1762 2820; x_wconf 73' lang='lat' dir='ltr'><strong>quae</strong></span> <span class='ocrx_word' id='word_1_318' title='bbox 1778 2769 1818 2807; x_wconf 84' lang='lat' dir='ltr'><strong>in</strong></span> 
     </span>
    </p>
   </div>
   <div class='ocr_carea' id='block_1_4' title="bbox 255 2819 1818 2936">
    <p class='ocr_par' dir='ltr' id='par_1_6' title="bbox 255 2819 1818 2936">
     <span class='ocr_line' id='line_1_38' title="bbox 255 2819 1818 2884; baseline -0.001 -18"><span class='ocrx_word' id='word_1_319' title='bbox 255 2819 480 2866; x_wconf 74' lang='lat' dir='ltr'><strong>Atticorum</strong></span> <span class='ocrx_word' id='word_1_320' title='bbox 516 2829 723 2884; x_wconf 81' lang='lat' dir='ltr'><strong>codicibus</strong></span> <span class='ocrx_word' id='word_1_321' title='bbox 757 2832 918 2866; x_wconf 85' lang='lat' dir='ltr'><strong>exstant</strong></span> <span class='ocrx_word' id='word_1_322' title='bbox 945 2829 1084 2866; x_wconf 81' lang='lat' dir='ltr'><strong>formis</strong></span> <span class='ocrx_word' id='word_1_323' title='bbox 1109 2830 1329 2876; x_wconf 80' lang='lat' dir='ltr'><strong>augmento</strong></span> <span class='ocrx_word' id='word_1_324' title='bbox 1353 2827 1596 2875; x_wconf 15' lang='lat' dir='ltr'><strong>,carentibus</strong></span> <span class='ocrx_word' id='word_1_325' title='bbox 1620 2840 1638 2865; x_wconf 91' lang='grc' dir='ltr'>ε</span> <span class='ocrx_word' id='word_1_326' title='bbox 1663 2827 1818 2865; x_wconf 77' lang='lat' dir='ltr'><strong>&#39;restitu-</strong></span> 
     </span>
     <span class='ocr_line' id='line_1_39' title="bbox 256 2884 1817 2936; baseline -0.001 -10"><span class='ocrx_word' id='word_1_327' title='bbox 256 2885 404 2927; x_wconf 72' lang='lat' dir='ltr'><strong>endum</strong></span> <span class='ocrx_word' id='word_1_328' title='bbox 439 2899 543 2925; x_wconf 68' lang='lat' dir='ltr'><strong>esse‘</strong></span> <span class='ocrx_word' id='word_1_329' title='bbox 578 2889 758 2932; x_wconf 85' lang='lat' dir='ltr'><strong>Quocum</strong></span> <span class='ocrx_word' id='word_1_330' title='bbox 786 2887 1172 2924; x_wconf 77' lang='lat' dir='ltr'><strong>consentiunt-tituli</strong></span> <span class='ocrx_word' id='word_1_331' title='bbox 1199 2893 1300 2924; x_wconf 87' lang='lat' dir='ltr'><strong>teste</strong></span> <span class='ocrx_word' id='word_1_332' title='bbox 1325 2884 1653 2924; x_wconf 76' lang='lat' dir='ltr'><strong>Meisterhanslo³</strong></span> <span class='ocrx_word' id='word_1_333' title='bbox 1679 2887 1817 2936; x_wconf 58' lang='lat' dir='ltr'><strong>pslw,</strong></span> 
     </span>
    </p>
   </div>
   <div class='ocr_carea' id='block_1_5' title="bbox 263 2748 546 2760">
    <p class='ocr_par' dir='ltr' id='par_1_7' title="bbox 263 2748 546 2760">
     <span class='ocr_line' id='line_1_40' title="bbox 263 2748 546 2760; baseline 0 0"><span class='ocrx_word' id='word_1_334' title='bbox 263 2748 546 2760; x_wconf 95' lang='lat' dir='ltr'><strong> </strong></span> 
     </span>
    </p>
   </div>
  </div>
 </body>
</html>
