<?xml version="1.0" encoding="UTF-8"?>
<!DOCTYPE html PUBLIC "-//W3C//DTD XHTML 1.0 Transitional//EN"
    "http://www.w3.org/TR/xhtml1/DTD/xhtml1-transitional.dtd">
<html xmlns="http://www.w3.org/1999/xhtml" xml:lang="en" lang="en">
 <head>
  <title>
</title>
<meta http-equiv="Content-Type" content="text/html;charset=utf-8" />
  <meta name='ocr-system' content='tesseract 3.04.00' />
  <meta name='ocr-capabilities' content='ocr_page ocr_carea ocr_par ocr_line ocrx_word'/>
</head>
<body>
  <div class='ocr_page' id='page_1' title='image "4737857_0067.png"; bbox 0 0 2074 3320; ppageno 0'>
   <div class='ocr_carea' id='block_1_1' title="bbox 816 166 1047 207">
    <p class='ocr_par' dir='ltr' id='par_1_1' title="bbox 816 166 1047 207">
     <span class='ocr_line' id='line_1_1' title="bbox 816 166 1047 207; baseline 0 -10"><span class='ocrx_word' id='word_1_1' title='bbox 816 166 1047 207; x_wconf 60' lang='grc' dir='ltr'><strong>..ω-</strong></span> 
     </span>
    </p>
   </div>
   <div class='ocr_carea' id='block_1_2' title="bbox 152 284 1704 913">
    <p class='ocr_par' dir='ltr' id='par_1_2' title="bbox 152 284 1704 629">
     <span class='ocr_line' id='line_1_2' title="bbox 293 284 1701 347; baseline -0.001 -15"><span class='ocrx_word' id='word_1_2' title='bbox 293 289 542 334; x_wconf 81' lang='lat' dir='ltr'><strong>Paucorum·</strong></span> <span class='ocrx_word' id='word_1_3' title='bbox 561 291 724 347; x_wconf 79' lang='lat' dir='ltr'><strong>quibus·</strong></span> <span class='ocrx_word' id='word_1_4' title='bbox 743 294 857 333; x_wconf 53' lang='lat' dir='ltr'><strong>ante&gt;</strong></span> <span class='ocrx_word' id='word_1_5' title='bbox 874 293 1068 332; x_wconf 82' lang='lat' dir='ltr'><strong>aetatem</strong></span> <span class='ocrx_word' id='word_1_6' title='bbox 1090 287 1399 332; x_wconf 85' lang='lat' dir='ltr'><strong>hellenisticam</strong></span> <span class='ocrx_word' id='word_1_7' title='bbox 1430 286 1613 332; x_wconf 85' lang='lat' dir='ltr'><strong>occurrit</strong></span> <span class='ocrx_word' id='word_1_8' title='bbox 1634 284 1701 331; x_wconf 88' lang='lat' dir='ltr'><strong>·lo··</strong></span> 
     </span>
     <span class='ocr_line' id='line_1_3' title="bbox 152 358 1702 405; baseline -0.001 -2"><span class='ocrx_word' id='word_1_9' title='bbox 152 372 294 404; x_wconf 79' lang='lat' dir='ltr'><strong>corum</strong></span> <span class='ocrx_word' id='word_1_10' title='bbox 326 359 551 405; x_wconf 88' lang='lat' dir='ltr'><strong>lectionem</strong></span> <span class='ocrx_word' id='word_1_11' title='bbox 572 359 879 405; x_wconf 74' lang='lat' dir='ltr'><strong>emendandam</strong></span> <span class='ocrx_word' id='word_1_12' title='bbox 902 374 995 405; x_wconf 89' lang='lat' dir='ltr'><strong>esse</strong></span> <span class='ocrx_word' id='word_1_13' title='bbox 1017 359 1144 404; x_wconf 84' lang='lat' dir='ltr'><strong>docet</strong></span> <span class='ocrx_word' id='word_1_14' title='bbox 1166 359 1507 403; x_wconf 83' lang='lat' dir='ltr'><strong>Kuebner·Blass</strong></span> <span class='ocrx_word' id='word_1_15' title='bbox 1526 358 1569 402; x_wconf 87' lang='lat'><strong>11</strong></span> <span class='ocrx_word' id='word_1_16' title='bbox 1604 358 1702 402; x_wconf 80' lang='lat'><strong>197.</strong></span> 
     </span>
     <span class='ocr_line' id='line_1_4' title="bbox 153 429 1700 487; baseline -0.001 -14"><span class='ocrx_word' id='word_1_17' title='bbox 153 431 202 474; x_wconf 92' lang='lat' dir='ltr'><strong>In</strong></span> <span class='ocrx_word' id='word_1_18' title='bbox 246 430 379 475; x_wconf 87' lang='lat' dir='ltr'><strong>titulis</strong></span> <span class='ocrx_word' id='word_1_19' title='bbox 409 432 570 476; x_wconf 85' lang='lat' dir='ltr'><strong>Atticis</strong></span> <span class='ocrx_word' id='word_1_20' title='bbox 612 431 734 476; x_wconf 82' lang='lat' dir='ltr'><strong>deest</strong></span> <span class='ocrx_word' id='word_1_21' title='bbox 777 431 884 476; x_wconf 85' lang='lat' dir='ltr'><strong>haec</strong></span> <span class='ocrx_word' id='word_1_22' title='bbox 927 431 1064 475; x_wconf 79' lang='lat' dir='ltr'><strong>forma</strong></span> <span class='ocrx_word' id='word_1_23' title='bbox 1106 436 1206 475; x_wconf 88' lang='lat' dir='ltr'><strong>ante</strong></span> <span class='ocrx_word' id='word_1_24' title='bbox 1245 430 1423 487; x_wconf 90' lang='lat' dir='ltr'><strong>primum</strong></span> <span class='ocrx_word' id='word_1_25' title='bbox 1454 443 1495 473; x_wconf 87' lang='lat' dir='ltr'><strong>a.</strong></span> <span class='ocrx_word' id='word_1_26' title='bbox 1526 429 1625 474; x_wconf 83' lang='lat' dir='ltr'><strong>chr.</strong></span> <span class='ocrx_word' id='word_1_27' title='bbox 1658 443 1700 472; x_wconf 90' lang='lat' dir='ltr'><strong>n.</strong></span> 
     </span>
     <span class='ocr_line' id='line_1_5' title="bbox 153 501 1704 559; baseline 0 -15"><span class='ocrx_word' id='word_1_28' title='bbox 153 501 368 555; x_wconf 83' lang='lat' dir='ltr'><strong>saeculum</strong></span> <span class='ocrx_word' id='word_1_29' title='bbox 411 502 740 556; x_wconf 56' lang='grc' dir='ltr'><strong>(Μιιίιιῐθτίιιιιιε3</strong></span> <span class='ocrx_word' id='word_1_30' title='bbox 779 517 820 559; x_wconf 90' lang='lat' dir='ltr'><strong>p.</strong></span> <span class='ocrx_word' id='word_1_31' title='bbox 856 503 974 556; x_wconf 83' lang='lat'>186).</span> <span class='ocrx_word' id='word_1_32' title='bbox 1041 502 1199 547; x_wconf 83' lang='lat' dir='ltr'>Contra</span> <span class='ocrx_word' id='word_1_33' title='bbox 1243 502 1338 545; x_wconf 85' lang='lat' dir='ltr'>libri</span> <span class='ocrx_word' id='word_1_34' title='bbox 1381 501 1609 556; x_wconf 83' lang='lat' dir='ltr'><strong>Polybiani</strong></span> <span class='ocrx_word' id='word_1_35' title='bbox 1641 502 1704 544; x_wconf 82' lang='grc'><strong>25</strong></span> 
     </span>
     <span class='ocr_line' id='line_1_6' title="bbox 153 572 1200 629; baseline 0 -14"><span class='ocrx_word' id='word_1_36' title='bbox 153 572 244 615; x_wconf 88' lang='lat' dir='ltr'><strong>eius</strong></span> <span class='ocrx_word' id='word_1_37' title='bbox 274 573 456 628; x_wconf 85' lang='lat' dir='ltr'><strong>perfecti</strong></span> <span class='ocrx_word' id='word_1_38' title='bbox 487 572 683 629; x_wconf 87' lang='lat' dir='ltr'><strong>exempla</strong></span> <span class='ocrx_word' id='word_1_39' title='bbox 713 573 933 629; x_wconf 82' lang='lat' dir='ltr'><strong>praebent.</strong></span> <span class='ocrx_word' id='word_1_40' title='bbox 996 572 1200 616; x_wconf 79' lang='lat' dir='ltr'>Similiter</span> 
     </span>
    </p>

    <p class='ocr_par' dir='ltr' id='par_1_3' title="bbox 154 645 1704 913">
     <span class='ocr_line' id='line_1_7' title="bbox 302 645 1025 699; baseline -0.001 -12"><span class='ocrx_word' id='word_1_41' title='bbox 302 650 305 653; x_wconf 75' lang='grc'>’</span> <span class='ocrx_word' id='word_1_42' title='bbox 824 645 1025 699; x_wconf 87' lang='grc' dir='ltr'>τέθειμαι,</span> 
     </span>
     <span class='ocr_line' id='line_1_8' title="bbox 154 715 1702 771; baseline -0.001 -14"><span class='ocrx_word' id='word_1_43' title='bbox 154 727 407 769; x_wconf 86' lang='lat' dir='ltr'><strong>quamquam</strong></span> <span class='ocrx_word' id='word_1_44' title='bbox 438 728 534 758; x_wconf 87' lang='lat' dir='ltr'><strong>raro</strong></span> <span class='ocrx_word' id='word_1_45' title='bbox 566 715 680 771; x_wconf 87' lang='lat' dir='ltr'><strong>apud</strong></span> <span class='ocrx_word' id='word_1_46' title='bbox 712 715 942 771; x_wconf 79' lang='lat' dir='ltr'><strong>scriptores</strong></span> <span class='ocrx_word' id='word_1_47' title='bbox 974 716 1112 770; x_wconf 81' lang='lat' dir='ltr'><strong>quarti</strong></span> <span class='ocrx_word' id='word_1_48' title='bbox 1144 715 1305 758; x_wconf 83' lang='lat' dir='ltr'><strong>saeculi</strong></span> <span class='ocrx_word' id='word_1_49' title='bbox 1338 715 1507 769; x_wconf 88' lang='lat' dir='ltr'><strong>legitur,</strong></span> <span class='ocrx_word' id='word_1_50' title='bbox 1547 715 1627 758; x_wconf 90' lang='lat' dir='ltr'><strong>nisi</strong></span> <span class='ocrx_word' id='word_1_51' title='bbox 1659 715 1702 756; x_wconf 92' lang='lat' dir='ltr'><strong>in</strong></span> 
     </span>
     <span class='ocr_line' id='line_1_9' title="bbox 155 784 1704 845; baseline 0 -16"><span class='ocrx_word' id='word_1_52' title='bbox 155 787 363 830; x_wconf 87' lang='lat' dir='ltr'><strong>communi</strong></span> <span class='ocrx_word' id='word_1_53' title='bbox 401 786 548 842; x_wconf 82' lang='lat' dir='ltr'><strong>lingua</strong></span> <span class='ocrx_word' id='word_1_54' title='bbox 587 786 736 830; x_wconf 87' lang='lat' dir='ltr'><strong>crebro</strong></span> <span class='ocrx_word' id='word_1_55' title='bbox 775 787 818 829; x_wconf 91' lang='lat' dir='ltr'><strong>in</strong></span> <span class='ocrx_word' id='word_1_56' title='bbox 858 784 1058 845; x_wconf 55' lang='lat' dir='ltr'><strong>usuInon</strong></span> <span class='ocrx_word' id='word_1_57' title='bbox 1091 791 1168 831; x_wconf 78' lang='lat' dir='ltr'><strong>est,</strong></span> <span class='ocrx_word' id='word_1_58' title='bbox 1231 786 1358 843; x_wconf 89' lang='lat' dir='ltr'><strong>Apud</strong></span> <span class='ocrx_word' id='word_1_59' title='bbox 1391 786 1614 842; x_wconf 82' lang='lat' dir='ltr'><strong>Polybium</strong></span> <span class='ocrx_word' id='word_1_60' title='bbox 1645 787 1704 829; x_wconf 91' lang='grc'><strong>22</strong></span> 
     </span>
     <span class='ocr_line' id='line_1_10' title="bbox 154 857 1147 913; baseline 0.003 -14"><span class='ocrx_word' id='word_1_61' title='bbox 154 857 350 913; x_wconf 86' lang='lat' dir='ltr'><strong>exempla</strong></span> <span class='ocrx_word' id='word_1_62' title='bbox 380 858 613 901; x_wconf 86' lang='lat' dir='ltr'><strong>numeravi.</strong></span> <span class='ocrx_word' id='word_1_63' title='bbox 1142 873 1147 876; x_wconf 69' lang='grc'><strong>“</strong></span> 
     </span>
    </p>
   </div>
   <div class='ocr_carea' id='block_1_3' title="bbox 144 981 1712 2834">
    <p class='ocr_par' dir='ltr' id='par_1_4' title="bbox 249 981 1605 1096">
     <span class='ocr_line' id='line_1_11' title="bbox 249 981 1605 1045; baseline 0 -21"><span class='ocrx_word' id='word_1_64' title='bbox 249 982 290 1024; x_wconf 87' lang='grc'><strong>3.</strong></span> <span class='ocrx_word' id='word_1_65' title='bbox 324 982 395 1024; x_wconf 92' lang='lat' dir='ltr'><strong>De</strong></span> <span class='ocrx_word' id='word_1_66' title='bbox 427 981 608 1025; x_wconf 83' lang='lat' dir='ltr'><strong>formis</strong></span> <span class='ocrx_word' id='word_1_67' title='bbox 639 981 970 1037; x_wconf 83' lang='lat' dir='ltr'><strong>longioribus</strong></span> <span class='ocrx_word' id='word_1_68' title='bbox 1001 987 1052 1025; x_wconf 91' lang='lat' dir='ltr'><strong>et</strong></span> <span class='ocrx_word' id='word_1_69' title='bbox 1083 981 1416 1026; x_wconf 85' lang='lat' dir='ltr'><strong>brevioribus</strong></span> <span class='ocrx_word' id='word_1_70' title='bbox 1446 982 1605 1045; x_wconf 79' lang='lat' dir='ltr'><strong>simul</strong></span> 
     </span>
     <span class='ocr_line' id='line_1_12' title="bbox 790 1053 1065 1096; baseline 0 0"><span class='ocrx_word' id='word_1_71' title='bbox 790 1053 1065 1096; x_wconf 78' lang='lat' dir='ltr'><strong>adhibitis.</strong></span> 
     </span>
    </p>

    <p class='ocr_par' dir='ltr' id='par_1_5' title="bbox 144 1140 1712 2834">
     <span class='ocr_line' id='line_1_13' title="bbox 299 1140 1702 1199; baseline 0.001 -16"><span class='ocrx_word' id='word_1_72' title='bbox 299 1140 529 1184; x_wconf 88' lang='lat' dir='ltr'><strong>Verborum</strong></span> <span class='ocrx_word' id='word_1_73' title='bbox 568 1154 677 1196; x_wconf 87' lang='lat' dir='ltr'><strong>quae</strong></span> <span class='ocrx_word' id='word_1_74' title='bbox 716 1141 928 1199; x_wconf 82' lang='lat' dir='ltr'><strong>duplicem</strong></span> <span class='ocrx_word' id='word_1_75' title='bbox 959 1142 1067 1199; x_wconf 83' lang='lat' dir='ltr'><strong>perf.</strong></span> <span class='ocrx_word' id='word_1_76' title='bbox 1101 1143 1279 1185; x_wconf 76' lang='lat' dir='ltr'><strong>formam</strong></span> <span class='ocrx_word' id='word_1_77' title='bbox 1314 1142 1484 1192; x_wconf 85' lang='lat' dir='ltr'><strong>babent,</strong></span> <span class='ocrx_word' id='word_1_78' title='bbox 1525 1142 1702 1185; x_wconf 83' lang='lat' dir='ltr'><strong>alteram</strong></span> 
     </span>
     <span class='ocr_line' id='line_1_14' title="bbox 157 1212 1705 1267; baseline 0.002 -14"><span class='ocrx_word' id='word_1_79' title='bbox 157 1212 390 1266; x_wconf 83' lang='lat' dir='ltr'><strong>longiorem</strong></span> <span class='ocrx_word' id='word_1_80' title='bbox 436 1213 613 1255; x_wconf 86' lang='lat' dir='ltr'><strong>alteram</strong></span> <span class='ocrx_word' id='word_1_81' title='bbox 660 1213 909 1267; x_wconf 88' lang='lat' dir='ltr'><strong>breviorem,</strong></span> <span class='ocrx_word' id='word_1_82' title='bbox 955 1217 1001 1255; x_wconf 91' lang='lat' dir='ltr'><strong>ut</strong></span> <span class='ocrx_word' id='word_1_83' title='bbox 1044 1213 1277 1266; x_wconf 84' lang='grc' dir='ltr'>ἑστήκασιν</span> <span class='ocrx_word' id='word_1_84' title='bbox 1313 1237 1369 1244; x_wconf 90' lang='grc'>-</span> <span class='ocrx_word' id='word_1_85' title='bbox 1407 1214 1597 1263; x_wconf 85' lang='grc' dir='ltr'>ἑστᾶσιν,</span> <span class='ocrx_word' id='word_1_86' title='bbox 1643 1227 1705 1255; x_wconf 84' lang='grc' dir='ltr'><strong>τε·</strong></span> 
     </span>
     <span class='ocr_line' id='line_1_15' title="bbox 156 1284 1703 1339; baseline 0.001 -13"><span class='ocrx_word' id='word_1_87' title='bbox 156 1284 363 1335; x_wconf 86' lang='grc' dir='ltr'>θνήκασιν</span> <span class='ocrx_word' id='word_1_88' title='bbox 407 1309 463 1316; x_wconf 87' lang='grc'>-</span> <span class='ocrx_word' id='word_1_89' title='bbox 505 1287 718 1334; x_wconf 79' lang='grc' dir='ltr'>τεθνᾶσιν,</span> <span class='ocrx_word' id='word_1_90' title='bbox 762 1286 933 1328; x_wconf 88' lang='grc' dir='ltr'>δέδοικα</span> <span class='ocrx_word' id='word_1_91' title='bbox 973 1311 1022 1316; x_wconf 89' lang='grc'><strong>-</strong></span> <span class='ocrx_word' id='word_1_92' title='bbox 1064 1287 1195 1339; x_wconf 90' lang='grc' dir='ltr'>δέδια,</span> <span class='ocrx_word' id='word_1_93' title='bbox 1245 1286 1478 1329; x_wconf 91' lang='lat' dir='ltr'><strong>breviorem</strong></span> <span class='ocrx_word' id='word_1_94' title='bbox 1524 1287 1703 1328; x_wconf 84' lang='lat' dir='ltr'><strong>formam</strong></span> 
     </span>
     <span class='ocr_line' id='line_1_16' title="bbox 157 1354 1703 1413; baseline 0.001 -16"><span class='ocrx_word' id='word_1_95' title='bbox 157 1354 360 1410; x_wconf 84' lang='lat' dir='ltr'><strong>Polybius</strong></span> <span class='ocrx_word' id='word_1_96' title='bbox 400 1355 460 1398; x_wconf 86' lang='lat' dir='ltr'><strong>ita</strong></span> <span class='ocrx_word' id='word_1_97' title='bbox 500 1356 688 1412; x_wconf 86' lang='lat' dir='ltr'><strong>praefert</strong></span> <span class='ocrx_word' id='word_1_98' title='bbox 726 1356 920 1411; x_wconf 79' lang='lat' dir='ltr'><strong>longiori,</strong></span> <span class='ocrx_word' id='word_1_99' title='bbox 959 1363 1006 1399; x_wconf 90' lang='lat' dir='ltr'><strong>ut</strong></span> <span class='ocrx_word' id='word_1_100' title='bbox 1044 1357 1151 1400; x_wconf 86' lang='lat' dir='ltr'><strong>haec</strong></span> <span class='ocrx_word' id='word_1_101' title='bbox 1182 1362 1255 1400; x_wconf 87' lang='lat' dir='ltr'><strong>aut</strong></span> <span class='ocrx_word' id='word_1_102' title='bbox 1286 1357 1412 1413; x_wconf 77' lang='lat' dir='ltr'><strong>plane</strong></span> <span class='ocrx_word' id='word_1_103' title='bbox 1443 1358 1599 1399; x_wconf 89' lang='lat' dir='ltr'><strong>vitetur</strong></span> <span class='ocrx_word' id='word_1_104' title='bbox 1629 1361 1703 1399; x_wconf 89' lang='lat' dir='ltr'><strong>aut</strong></span> 
     </span>
     <span class='ocr_line' id='line_1_17' title="bbox 157 1426 1702 1484; baseline 0.001 -15"><span class='ocrx_word' id='word_1_105' title='bbox 157 1439 329 1482; x_wconf 85' lang='lat' dir='ltr'><strong>perraro</strong></span> <span class='ocrx_word' id='word_1_106' title='bbox 370 1426 635 1470; x_wconf 88' lang='lat' dir='ltr'><strong>adhibeatur.</strong></span> <span class='ocrx_word' id='word_1_107' title='bbox 698 1428 753 1470; x_wconf 89' lang='lat' dir='ltr'><strong>Et</strong></span> <span class='ocrx_word' id='word_1_108' title='bbox 797 1428 915 1471; x_wconf 87' lang='lat' dir='ltr'><strong>verbi</strong></span> <span class='ocrx_word' id='word_1_109' title='bbox 960 1427 1128 1482; x_wconf 89' lang='lat' dir='ltr'><strong>quidem</strong></span> <span class='ocrx_word' id='word_1_110' title='bbox 1160 1429 1393 1480; x_wconf 77' lang='grc' dir='ltr'>τέθνηκα</span> <span class='ocrx_word' id='word_1_111' title='bbox 1433 1429 1702 1484; x_wconf 78' lang='lat' dir='ltr'><strong>participium</strong></span> 
     </span>
     <span class='ocr_line' id='line_1_18' title="bbox 157 1497 1703 1554; baseline 0.001 -14"><span class='ocrx_word' id='word_1_112' title='bbox 157 1498 296 1550; x_wconf 84' lang='lat' dir='ltr'><strong>(deest</strong></span> <span class='ocrx_word' id='word_1_113' title='bbox 326 1497 600 1551; x_wconf 82' lang='lat' dir='ltr'><strong>indicativus)</strong></span> <span class='ocrx_word' id='word_1_114' title='bbox 633 1498 788 1540; x_wconf 84' lang='lat' dir='ltr'><strong>nullam</strong></span> <span class='ocrx_word' id='word_1_115' title='bbox 811 1499 988 1554; x_wconf 84' lang='lat' dir='ltr'><strong>praebet</strong></span> <span class='ocrx_word' id='word_1_116' title='bbox 1010 1499 1187 1541; x_wconf 83' lang='lat' dir='ltr'><strong>formam</strong></span> <span class='ocrx_word' id='word_1_117' title='bbox 1209 1500 1291 1542; x_wconf 92' lang='lat' dir='ltr'><strong>nisi</strong></span> <span class='ocrx_word' id='word_1_118' title='bbox 1312 1500 1494 1550; x_wconf 84' lang='grc' dir='ltr'>τεθνεώς</span> <span class='ocrx_word' id='word_1_119' title='bbox 1516 1499 1703 1554; x_wconf 87' lang='lat' dir='ltr'><strong>itemque</strong></span> 
     </span>
     <span class='ocr_line' id='line_1_19' title="bbox 157 1568 1703 1625; baseline 0 -12"><span class='ocrx_word' id='word_1_120' title='bbox 157 1582 264 1613; x_wconf 90' lang='lat' dir='ltr'><strong>unus</strong></span> <span class='ocrx_word' id='word_1_121' title='bbox 303 1568 416 1625; x_wconf 85' lang='lat' dir='ltr'><strong>apud</strong></span> <span class='ocrx_word' id='word_1_122' title='bbox 447 1568 672 1625; x_wconf 86' lang='lat' dir='ltr'><strong>Polybium</strong></span> <span class='ocrx_word' id='word_1_123' title='bbox 705 1576 846 1612; x_wconf 87' lang='lat' dir='ltr'><strong>exstat</strong></span> <span class='ocrx_word' id='word_1_124' title='bbox 878 1569 1116 1613; x_wconf 78' lang='lat' dir='ltr'><strong>infinitivus</strong></span> <span class='ocrx_word' id='word_1_125' title='bbox 1146 1570 1358 1613; x_wconf 85' lang='grc' dir='ltr'>τεθνάναι.</span> <span class='ocrx_word' id='word_1_126' title='bbox 1422 1570 1541 1613; x_wconf 92' lang='lat' dir='ltr'><strong>Idem</strong></span> <span class='ocrx_word' id='word_1_127' title='bbox 1572 1576 1703 1613; x_wconf 86' lang='lat' dir='ltr'><strong>statu-</strong></span> 
     </span>
     <span class='ocr_line' id='line_1_20' title="bbox 158 1639 1704 1697; baseline 0.001 -14"><span class='ocrx_word' id='word_1_128' title='bbox 158 1639 311 1683; x_wconf 86' lang='lat' dir='ltr'><strong>endum</strong></span> <span class='ocrx_word' id='word_1_129' title='bbox 335 1645 400 1683; x_wconf 91' lang='lat' dir='ltr'><strong>est</strong></span> <span class='ocrx_word' id='word_1_130' title='bbox 420 1640 474 1683; x_wconf 90' lang='lat' dir='ltr'><strong>de</strong></span> <span class='ocrx_word' id='word_1_131' title='bbox 496 1641 688 1696; x_wconf 88' lang='lat' dir='ltr'><strong>perfecto</strong></span> <span class='ocrx_word' id='word_1_132' title='bbox 721 1641 878 1692; x_wconf 80' lang='grc' dir='ltr'>δέδια,</span> <span class='ocrx_word' id='word_1_133' title='bbox 912 1641 1025 1695; x_wconf 91' lang='lat' dir='ltr'><strong>quod</strong></span> <span class='ocrx_word' id='word_1_134' title='bbox 1056 1641 1289 1697; x_wconf 85' lang='lat' dir='ltr'><strong>longiorem</strong></span> <span class='ocrx_word' id='word_1_135' title='bbox 1321 1643 1499 1689; x_wconf 83' lang='lat' dir='ltr'><strong>formam</strong></span> <span class='ocrx_word' id='word_1_136' title='bbox 1532 1642 1704 1685; x_wconf 87' lang='grc' dir='ltr'>δέδοικα</span> 
     </span>
     <span class='ocr_line' id='line_1_21' title="bbox 157 1711 1705 1768; baseline -0.001 -12"><span class='ocrx_word' id='word_1_137' title='bbox 157 1711 282 1767; x_wconf 81' lang='lat' dir='ltr'><strong>plane</strong></span> <span class='ocrx_word' id='word_1_138' title='bbox 314 1713 507 1755; x_wconf 90' lang='lat' dir='ltr'><strong>removit.</strong></span> <span class='ocrx_word' id='word_1_139' title='bbox 550 1711 663 1763; x_wconf 72' lang='lat' dir='ltr'><strong>¹Qua</strong></span> <span class='ocrx_word' id='word_1_140' title='bbox 693 1712 736 1753; x_wconf 89' lang='lat' dir='ltr'><strong>in</strong></span> <span class='ocrx_word' id='word_1_141' title='bbox 767 1725 813 1754; x_wconf 90' lang='lat' dir='ltr'><strong>re</strong></span> <span class='ocrx_word' id='word_1_142' title='bbox 845 1725 939 1754; x_wconf 88' lang='lat' dir='ltr'><strong>cum</strong></span> <span class='ocrx_word' id='word_1_143' title='bbox 973 1713 1150 1768; x_wconf 93' lang='lat' dir='ltr'><strong>Polybio</strong></span> <span class='ocrx_word' id='word_1_144' title='bbox 1182 1713 1289 1755; x_wconf 83' lang='lat' dir='ltr'><strong>facit</strong></span> <span class='ocrx_word' id='word_1_145' title='bbox 1319 1713 1474 1756; x_wconf 82' lang='lat' dir='ltr'><strong>Strabo</strong></span> <span class='ocrx_word' id='word_1_146' title='bbox 1506 1714 1577 1767; x_wconf 91' lang='lat' dir='ltr'><strong>qui</strong></span> <span class='ocrx_word' id='word_1_147' title='bbox 1609 1726 1705 1755; x_wconf 84' lang='lat' dir='ltr'><strong>eon·</strong></span> 
     </span>
     <span class='ocr_line' id='line_1_22' title="bbox 158 1781 1704 1840; baseline 0.001 -14"><span class='ocrx_word' id='word_1_148' title='bbox 158 1786 319 1826; x_wconf 85' lang='lat' dir='ltr'><strong>stanter</strong></span> <span class='ocrx_word' id='word_1_149' title='bbox 349 1781 455 1825; x_wconf 92' lang='lat' dir='ltr'><strong>dicit</strong></span> <span class='ocrx_word' id='word_1_150' title='bbox 486 1783 615 1838; x_wconf 84' lang='grc' dir='ltr'>δέδια,</span> <span class='ocrx_word' id='word_1_151' title='bbox 649 1783 706 1827; x_wconf 88' lang='lat' dir='ltr'><strong>cf.</strong></span> <span class='ocrx_word' id='word_1_152' title='bbox 729 1783 907 1827; x_wconf 74' lang='lat' dir='ltr'><strong>Cronert</strong></span> <span class='ocrx_word' id='word_1_153' title='bbox 940 1797 979 1840; x_wconf 90' lang='lat' dir='ltr'><strong>p.</strong></span> <span class='ocrx_word' id='word_1_154' title='bbox 1003 1783 1103 1838; x_wconf 84' lang='lat'><strong>249,</strong></span> <span class='ocrx_word' id='word_1_155' title='bbox 1121 1783 1149 1826; x_wconf 90' lang='lat'><strong>3</strong></span> <span class='ocrx_word' id='word_1_156' title='bbox 1180 1789 1224 1826; x_wconf 89' lang='lat' dir='ltr'><strong>et</strong></span> <span class='ocrx_word' id='word_1_157' title='bbox 1255 1797 1363 1839; x_wconf 88' lang='lat' dir='ltr'><strong>quae</strong></span> <span class='ocrx_word' id='word_1_158' title='bbox 1395 1783 1450 1827; x_wconf 91' lang='lat' dir='ltr'><strong>de</strong></span> <span class='ocrx_word' id='word_1_159' title='bbox 1471 1783 1552 1828; x_wconf 88' lang='lat' dir='ltr'><strong>hoc</strong></span> <span class='ocrx_word' id='word_1_160' title='bbox 1574 1784 1704 1828; x_wconf 88' lang='lat' dir='ltr'><strong>verbo</strong></span> 
     </span>
     <span class='ocr_line' id='line_1_23' title="bbox 144 1850 1706 1912; baseline 0.001 -16"><span class='ocrx_word' id='word_1_161' title='bbox 144 1850 689 1911; x_wconf 79' lang='lat' dir='ltr'><strong>&#39;exposuit-Wackernagel</strong></span> <span class='ocrx_word' id='word_1_162' title='bbox 721 1870 761 1912; x_wconf 90' lang='lat' dir='ltr'><strong>p.</strong></span> <span class='ocrx_word' id='word_1_163' title='bbox 788 1856 856 1898; x_wconf 78' lang='lat'><strong>17.</strong></span> <span class='ocrx_word' id='word_1_164' title='bbox 918 1855 1103 1898; x_wconf 84' lang='lat' dir='ltr'><strong>Perfecti</strong></span> <span class='ocrx_word' id='word_1_165' title='bbox 1135 1855 1330 1907; x_wconf 79' lang='grc' dir='ltr'>ἕστηκα</span> <span class='ocrx_word' id='word_1_166' title='bbox 1368 1855 1529 1899; x_wconf 86' lang='lat' dir='ltr'><strong>formae</strong></span> <span class='ocrx_word' id='word_1_167' title='bbox 1559 1856 1706 1912; x_wconf 76' lang='lat' dir='ltr'><strong>stirpis</strong></span> 
     </span>
     <span class='ocr_line' id='line_1_24' title="bbox 157 1925 1704 1983; baseline 0.001 -15"><span class='ocrx_word' id='word_1_168' title='bbox 157 1925 302 1977; x_wconf 86' lang='grc' dir='ltr'>ἑστηκ-</span> <span class='ocrx_word' id='word_1_169' title='bbox 350 1938 431 1982; x_wconf 93' lang='lat' dir='ltr'><strong>ope</strong></span> <span class='ocrx_word' id='word_1_170' title='bbox 478 1925 620 1970; x_wconf 86' lang='lat' dir='ltr'><strong>dictae</strong></span> <span class='ocrx_word' id='word_1_171' title='bbox 666 1926 804 1969; x_wconf 88' lang='lat' dir='ltr'><strong>locum</strong></span> <span class='ocrx_word' id='word_1_172' title='bbox 851 1925 1078 1969; x_wconf 86' lang='lat' dir='ltr'><strong>admodum</strong></span> <span class='ocrx_word' id='word_1_173' title='bbox 1125 1931 1352 1983; x_wconf 86' lang='lat' dir='ltr'><strong>angustum</strong></span> <span class='ocrx_word' id='word_1_174' title='bbox 1396 1931 1555 1981; x_wconf 79' lang='lat' dir='ltr'><strong>tenent,</strong></span> <span class='ocrx_word' id='word_1_175' title='bbox 1606 1940 1704 1970; x_wconf 80' lang='lat' dir='ltr'><strong>nam</strong></span> 
     </span>
     <span class='ocr_line' id='line_1_25' title="bbox 157 1997 1712 2053; baseline 0.001 -14"><span class='ocrx_word' id='word_1_176' title='bbox 157 1997 266 2040; x_wconf 90' lang='lat' dir='ltr'><strong>inter</strong></span> <span class='ocrx_word' id='word_1_177' title='bbox 296 1998 384 2039; x_wconf 89' lang='lat'><strong>344</strong></span> <span class='ocrx_word' id='word_1_178' title='bbox 426 1998 622 2053; x_wconf 84' lang='lat' dir='ltr'><strong>exempla</strong></span> <span class='ocrx_word' id='word_1_179' title='bbox 664 1999 718 2040; x_wconf 85' lang='lat'><strong>12</strong></span> <span class='ocrx_word' id='word_1_180' title='bbox 761 2003 922 2040; x_wconf 88' lang='lat' dir='ltr'><strong>tantum</strong></span> <span class='ocrx_word' id='word_1_181' title='bbox 967 2002 1138 2041; x_wconf 83' lang='lat' dir='ltr'><strong>exstant</strong></span> <span class='ocrx_word' id='word_1_182' title='bbox 1178 1998 1390 2053; x_wconf 88' lang='lat' dir='ltr'><strong>longiores</strong></span> <span class='ocrx_word' id='word_1_183' title='bbox 1403 2000 1451 2049; x_wconf 82' lang='grc' dir='ltr'><strong>ι).</strong></span> <span class='ocrx_word' id='word_1_184' title='bbox 1519 1997 1712 2048; x_wconf 87' lang='lat' dir='ltr'><strong>Quarum-</strong></span> 
     </span>
     <span class='ocr_line' id='line_1_26' title="bbox 158 2067 1704 2125; baseline 0 -14"><span class='ocrx_word' id='word_1_185' title='bbox 158 2067 385 2112; x_wconf 84' lang='lat' dir='ltr'><strong>maximam</strong></span> <span class='ocrx_word' id='word_1_186' title='bbox 417 2072 581 2125; x_wconf 87' lang='lat' dir='ltr'><strong>partem</strong></span> <span class='ocrx_word' id='word_1_187' title='bbox 612 2067 694 2112; x_wconf 87' lang='lat' dir='ltr'><strong>sibi</strong></span> <span class='ocrx_word' id='word_1_188' title='bbox 726 2067 916 2112; x_wconf 81' lang='lat' dir='ltr'><strong>vindicat</strong></span> <span class='ocrx_word' id='word_1_189' title='bbox 947 2068 1217 2125; x_wconf 81' lang='lat' dir='ltr'><strong>participium</strong></span> <span class='ocrx_word' id='word_1_190' title='bbox 1249 2068 1341 2112; x_wconf 84' lang='lat' dir='ltr'><strong>9ies</strong></span> <span class='ocrx_word' id='word_1_191' title='bbox 1383 2069 1445 2114; x_wconf 86' lang='lat' dir='ltr'><strong>ita</strong></span> <span class='ocrx_word' id='word_1_192' title='bbox 1478 2068 1704 2112; x_wconf 81' lang='lat' dir='ltr'><strong>formatum</strong></span> 
     </span>
     <span class='ocr_line' id='line_1_27' title="bbox 159 2138 1705 2195; baseline -0.001 -13"><span class='ocrx_word' id='word_1_193' title='bbox 159 2142 352 2194; x_wconf 87' lang='lat' dir='ltr'><strong>(quorum</strong></span> <span class='ocrx_word' id='word_1_194' title='bbox 383 2140 671 2195; x_wconf 86' lang='lat' dir='ltr'><strong>exemplorum</strong></span> <span class='ocrx_word' id='word_1_195' title='bbox 702 2140 731 2181; x_wconf 90' lang='lat'>4</span> <span class='ocrx_word' id='word_1_196' title='bbox 753 2139 910 2184; x_wconf 88' lang='lat' dir='ltr'><strong>cadunt</strong></span> <span class='ocrx_word' id='word_1_197' title='bbox 941 2141 984 2182; x_wconf 91' lang='lat' dir='ltr'><strong>in</strong></span> <span class='ocrx_word' id='word_1_198' title='bbox 1005 2139 1285 2193; x_wconf 75' lang='lat' dir='ltr'><strong>femininum),</strong></span> <span class='ocrx_word' id='word_1_199' title='bbox 1318 2140 1382 2182; x_wconf 88' lang='lat' dir='ltr'><strong>bis</strong></span> <span class='ocrx_word' id='word_1_200' title='bbox 1413 2139 1567 2193; x_wconf 86' lang='lat' dir='ltr'><strong>legitur</strong></span> <span class='ocrx_word' id='word_1_201' title='bbox 1596 2138 1705 2181; x_wconf 89' lang='lat' dir='ltr'><strong>indi·</strong></span> 
     </span>
     <span class='ocr_line' id='line_1_28' title="bbox 160 2209 1704 2266; baseline -0.001 -13"><span class='ocrx_word' id='word_1_202' title='bbox 160 2209 338 2261; x_wconf 85' lang='lat' dir='ltr'><strong>cativus,</strong></span> <span class='ocrx_word' id='word_1_203' title='bbox 370 2209 502 2253; x_wconf 89' lang='lat' dir='ltr'><strong>semel</strong></span> <span class='ocrx_word' id='word_1_204' title='bbox 532 2209 786 2253; x_wconf 76' lang='lat' dir='ltr'><strong>infinitivus.</strong></span> <span class='ocrx_word' id='word_1_205' title='bbox 845 2210 1049 2265; x_wconf 88' lang='lat' dir='ltr'><strong>Alioquin</strong></span> <span class='ocrx_word' id='word_1_206' title='bbox 1071 2222 1236 2266; x_wconf 89' lang='lat' dir='ltr'><strong>semper</strong></span> <span class='ocrx_word' id='word_1_207' title='bbox 1257 2210 1469 2253; x_wconf 89' lang='lat' dir='ltr'><strong>breviores</strong></span> <span class='ocrx_word' id='word_1_208' title='bbox 1489 2209 1652 2252; x_wconf 87' lang='lat' dir='ltr'><strong>formae</strong></span> <span class='ocrx_word' id='word_1_209' title='bbox 1676 2222 1704 2251; x_wconf 86' lang='lat' dir='ltr'><strong>a</strong></span> 
     </span>
     <span class='ocr_line' id='line_1_29' title="bbox 158 2279 1702 2337; baseline -0.001 -14"><span class='ocrx_word' id='word_1_210' title='bbox 158 2280 339 2336; x_wconf 89' lang='lat' dir='ltr'><strong>Polybio</strong></span> <span class='ocrx_word' id='word_1_211' title='bbox 370 2286 638 2337; x_wconf 86' lang='lat' dir='ltr'><strong>usurpantur.</strong></span> <span class='ocrx_word' id='word_1_212' title='bbox 701 2281 838 2324; x_wconf 91' lang='lat' dir='ltr'><strong>Simili</strong></span> <span class='ocrx_word' id='word_1_213' title='bbox 869 2281 962 2325; x_wconf 91' lang='lat' dir='ltr'><strong>loco</strong></span> <span class='ocrx_word' id='word_1_214' title='bbox 989 2294 1057 2324; x_wconf 87' lang='lat' dir='ltr'><strong>res</strong></span> <span class='ocrx_word' id='word_1_215' title='bbox 1082 2281 1127 2323; x_wconf 91' lang='lat' dir='ltr'><strong>in</strong></span> <span class='ocrx_word' id='word_1_216' title='bbox 1149 2279 1414 2335; x_wconf 83' lang='lat' dir='ltr'><strong>Thucydidis</strong></span> <span class='ocrx_word' id='word_1_217' title='bbox 1445 2280 1702 2335; x_wconf 84' lang='lat' dir='ltr'><strong>tragicorum</strong></span> 
     </span>
     <span class='ocr_line' id='line_1_30' title="bbox 159 2350 1703 2409; baseline 0 -15"><span class='ocrx_word' id='word_1_218' title='bbox 159 2352 412 2395; x_wconf 89' lang='lat' dir='ltr'><strong>comicorum</strong></span> <span class='ocrx_word' id='word_1_219' title='bbox 443 2352 641 2409; x_wconf 86' lang='lat' dir='ltr'><strong>operibus</strong></span> <span class='ocrx_word' id='word_1_220' title='bbox 671 2366 716 2396; x_wconf 88' lang='lat' dir='ltr'><strong>se</strong></span> <span class='ocrx_word' id='word_1_221' title='bbox 748 2351 907 2396; x_wconf 89' lang='lat' dir='ltr'><strong>habere</strong></span> <span class='ocrx_word' id='word_1_222' title='bbox 939 2351 1106 2395; x_wconf 90' lang='lat' dir='ltr'><strong>videtur</strong></span> <span class='ocrx_word' id='word_1_223' title='bbox 1136 2351 1211 2404; x_wconf 84' lang='lat' dir='ltr'><strong>(cf.</strong></span> <span class='ocrx_word' id='word_1_224' title='bbox 1240 2350 1448 2394; x_wconf 85' lang='lat' dir='ltr'><strong>Riemann</strong></span> <span class='ocrx_word' id='word_1_225' title='bbox 1478 2350 1627 2394; x_wconf 89' lang='lat' dir='ltr'><strong>Revue</strong></span> <span class='ocrx_word' id='word_1_226' title='bbox 1647 2350 1703 2394; x_wconf 89' lang='lat' dir='ltr'><strong>de</strong></span> 
     </span>
     <span class='ocr_line' id='line_1_31' title="bbox 159 2421 1702 2479; baseline 0.001 -14"><span class='ocrx_word' id='word_1_227' title='bbox 159 2422 301 2479; x_wconf 88' lang='lat' dir='ltr'><strong>philol.</strong></span> <span class='ocrx_word' id='word_1_228' title='bbox 320 2422 355 2465; x_wconf 91' lang='lat' dir='ltr'>V</span> <span class='ocrx_word' id='word_1_229' title='bbox 383 2423 486 2478; x_wconf 76' lang='lat'><strong>1693</strong></span> <span class='ocrx_word' id='word_1_230' title='bbox 522 2423 586 2466; x_wconf 93' lang='lat' dir='ltr'><strong>IX</strong></span> <span class='ocrx_word' id='word_1_231' title='bbox 608 2423 696 2478; x_wconf 88' lang='lat'><em>90),</em></span> <span class='ocrx_word' id='word_1_232' title='bbox 729 2436 821 2466; x_wconf 90' lang='lat' dir='ltr'><strong>cum</strong></span> <span class='ocrx_word' id='word_1_233' title='bbox 853 2424 894 2466; x_wconf 90' lang='lat' dir='ltr'><strong>in</strong></span> <span class='ocrx_word' id='word_1_234' title='bbox 928 2423 1062 2466; x_wconf 88' lang='lat' dir='ltr'><strong>titulis</strong></span> <span class='ocrx_word' id='word_1_235' title='bbox 1082 2423 1238 2466; x_wconf 89' lang='lat' dir='ltr'><strong>Atticis</strong></span> <span class='ocrx_word' id='word_1_236' title='bbox 1268 2421 1367 2465; x_wconf 91' lang='lat' dir='ltr'><strong>inde</strong></span> <span class='ocrx_word' id='word_1_237' title='bbox 1397 2435 1423 2465; x_wconf 85' lang='lat' dir='ltr'><strong>a</strong></span> <span class='ocrx_word' id='word_1_238' title='bbox 1443 2434 1556 2465; x_wconf 88' lang='lat' dir='ltr'><strong>saec.</strong></span> <span class='ocrx_word' id='word_1_239' title='bbox 1580 2422 1640 2465; x_wconf 94' lang='lat' dir='ltr'><strong>IV</strong></span> <span class='ocrx_word' id='word_1_240' title='bbox 1662 2436 1702 2468; x_wconf 79' lang='lat' dir='ltr'><strong>a.</strong></span> 
     </span>
     <span class='ocr_line' id='line_1_32' title="bbox 159 2493 1703 2551; baseline -0.002 -12"><span class='ocrx_word' id='word_1_241' title='bbox 159 2495 258 2542; x_wconf 81' lang='lat' dir='ltr'><strong>Chr.</strong></span> <span class='ocrx_word' id='word_1_242' title='bbox 302 2494 419 2539; x_wconf 88' lang='lat' dir='ltr'><strong>solae</strong></span> <span class='ocrx_word' id='word_1_243' title='bbox 462 2495 675 2551; x_wconf 85' lang='lat' dir='ltr'><strong>longiores</strong></span> <span class='ocrx_word' id='word_1_244' title='bbox 717 2495 879 2538; x_wconf 84' lang='lat' dir='ltr'><strong>formae</strong></span> <span class='ocrx_word' id='word_1_245' title='bbox 924 2496 1097 2550; x_wconf 82' lang='lat' dir='ltr'><strong>vigeant</strong></span> <span class='ocrx_word' id='word_1_246' title='bbox 1142 2493 1464 2547; x_wconf 80' lang='lat' dir='ltr'><strong>(Meisterhans⁸</strong></span> <span class='ocrx_word' id='word_1_247' title='bbox 1507 2508 1550 2550; x_wconf 85' lang='lat' dir='ltr'><strong>p.</strong></span> <span class='ocrx_word' id='word_1_248' title='bbox 1585 2494 1703 2547; x_wconf 87' lang='lat'>189).</span> 
     </span>
     <span class='ocr_line' id='line_1_33' title="bbox 159 2564 1704 2621; baseline -0.001 -11"><span class='ocrx_word' id='word_1_249' title='bbox 159 2566 320 2618; x_wconf 85' lang='lat' dir='ltr'><strong>Quibus</strong></span> <span class='ocrx_word' id='word_1_250' title='bbox 349 2565 519 2610; x_wconf 87' lang='lat' dir='ltr'><strong>adicere</strong></span> <span class='ocrx_word' id='word_1_251' title='bbox 548 2566 678 2609; x_wconf 86' lang='lat' dir='ltr'><strong>liceat</strong></span> <span class='ocrx_word' id='word_1_252' title='bbox 698 2578 808 2620; x_wconf 90' lang='lat' dir='ltr'><strong>quae</strong></span> <span class='ocrx_word' id='word_1_253' title='bbox 828 2564 883 2608; x_wconf 90' lang='lat' dir='ltr'><strong>de</strong></span> <span class='ocrx_word' id='word_1_254' title='bbox 913 2565 1116 2621; x_wconf 87' lang='lat' dir='ltr'><strong>perfectis</strong></span> <span class='ocrx_word' id='word_1_255' title='bbox 1137 2565 1255 2608; x_wconf 89' lang='lat' dir='ltr'><strong>verbi</strong></span> <span class='ocrx_word' id='word_1_256' title='bbox 1275 2565 1494 2615; x_wconf 83' lang='grc' dir='ltr'>γίγνεσθαι</span> <span class='ocrx_word' id='word_1_257' title='bbox 1513 2564 1704 2608; x_wconf 84' lang='lat' dir='ltr'><strong>notanda</strong></span> 
     </span>
     <span class='ocr_line' id='line_1_34' title="bbox 160 2634 1702 2690; baseline -0.002 -10"><span class='ocrx_word' id='word_1_258' title='bbox 160 2650 253 2680; x_wconf 85' lang='lat' dir='ltr'><strong>esse</strong></span> <span class='ocrx_word' id='word_1_259' title='bbox 291 2636 499 2680; x_wconf 87' lang='lat' dir='ltr'><strong>videntur.</strong></span> <span class='ocrx_word' id='word_1_260' title='bbox 569 2636 626 2678; x_wconf 83' lang='lat' dir='ltr'><strong>Et</strong></span> <span class='ocrx_word' id='word_1_261' title='bbox 668 2637 949 2688; x_wconf 87' lang='grc' dir='ltr'>γεγένημαι</span> <span class='ocrx_word' id='word_1_262' title='bbox 992 2634 1162 2690; x_wconf 91' lang='lat' dir='ltr'><strong>quidem</strong></span> <span class='ocrx_word' id='word_1_263' title='bbox 1206 2648 1233 2678; x_wconf 87' lang='lat' dir='ltr'><strong>a</strong></span> <span class='ocrx_word' id='word_1_264' title='bbox 1270 2634 1452 2690; x_wconf 89' lang='lat' dir='ltr'><strong>Polybio</strong></span> <span class='ocrx_word' id='word_1_265' title='bbox 1488 2635 1580 2678; x_wconf 84' lang='lat' dir='ltr'><strong>fere</strong></span> <span class='ocrx_word' id='word_1_266' title='bbox 1606 2648 1702 2678; x_wconf 76' lang='lat' dir='ltr'><strong>vnon</strong></span> 
     </span>
     <span class='ocr_line' id='line_1_35' title="bbox 160 2701 1704 2766; baseline -0.003 -13"><span class='ocrx_word' id='word_1_267' title='bbox 160 2714 386 2766; x_wconf 86' lang='lat' dir='ltr'><strong>usurpatur</strong></span> <span class='ocrx_word' id='word_1_268' title='bbox 428 2707 507 2751; x_wconf 90' lang='lat' dir='ltr'><strong>nisi</strong></span> <span class='ocrx_word' id='word_1_269' title='bbox 551 2707 607 2750; x_wconf 90' lang='lat' dir='ltr'><strong>ad</strong></span> <span class='ocrx_word' id='word_1_270' title='bbox 650 2705 912 2750; x_wconf 86' lang='lat' dir='ltr'><strong>formandum</strong></span> <span class='ocrx_word' id='word_1_271' title='bbox 958 2707 1106 2763; x_wconf 87' lang='lat' dir='ltr'><strong>partic.</strong></span> <span class='ocrx_word' id='word_1_272' title='bbox 1150 2701 1506 2761; x_wconf 69' lang='lat' dir='ltr'><strong>femin.,(91-ies)‚</strong></span> <span class='ocrx_word' id='word_1_273' title='bbox 1553 2708 1616 2750; x_wconf 86' lang='lat' dir='ltr'><strong>bis</strong></span> <span class='ocrx_word' id='word_1_274' title='bbox 1661 2708 1704 2749; x_wconf 90' lang='lat' dir='ltr'><strong>in</strong></span> 
     </span>
     <span class='ocr_line' id='line_1_36' title="bbox 160 2777 1704 2834; baseline -0.001 -11"><span class='ocrx_word' id='word_1_275' title='bbox 160 2779 408 2834; x_wconf 86' lang='lat' dir='ltr'><strong>indicativo,</strong></span> <span class='ocrx_word' id='word_1_276' title='bbox 448 2779 579 2823; x_wconf 87' lang='lat' dir='ltr'><strong>semel</strong></span> <span class='ocrx_word' id='word_1_277' title='bbox 613 2778 656 2821; x_wconf 93' lang='lat' dir='ltr'><strong>in</strong></span> <span class='ocrx_word' id='word_1_278' title='bbox 693 2777 907 2822; x_wconf 78' lang='lat' dir='ltr'><strong>infinitivo</strong></span> <span class='ocrx_word' id='word_1_279' title='bbox 944 2777 1141 2820; x_wconf 87' lang='lat' dir='ltr'><strong>occurrit.</strong></span> <span class='ocrx_word' id='word_1_280' title='bbox 1202 2777 1428 2821; x_wconf 88' lang='lat' dir='ltr'><strong>Sollemnis</strong></span> <span class='ocrx_word' id='word_1_281' title='bbox 1464 2778 1601 2821; x_wconf 82' lang='lat' dir='ltr'><strong>forma</strong></span> <span class='ocrx_word' id='word_1_282' title='bbox 1639 2784 1704 2821; x_wconf 88' lang='lat' dir='ltr'><strong>est</strong></span> 
     </span>
    </p>
   </div>
   <div class='ocr_carea' id='block_1_4' title="bbox 160 2849 441 2856">
    <p class='ocr_par' dir='ltr' id='par_1_6' title="bbox 160 2849 441 2856">
     <span class='ocr_line' id='line_1_37' title="bbox 160 2849 441 2856; baseline 0 464"><span class='ocrx_word' id='word_1_283' title='bbox 160 2849 441 2856; x_wconf 95' lang='lat' dir='ltr'><strong> </strong></span> 
     </span>
    </p>
   </div>
   <div class='ocr_carea' id='block_1_5' title="bbox 161 2866 1704 2980">
    <p class='ocr_par' dir='ltr' id='par_1_7' title="bbox 161 2866 1704 2980">
     <span class='ocr_line' id='line_1_38' title="bbox 265 2866 1702 2916; baseline -0.002 -9"><span class='ocrx_word' id='word_1_284' title='bbox 265 2890 268 2893; x_wconf 91' lang='lat'>·</span> <span class='ocrx_word' id='word_1_285' title='bbox 302 2872 339 2916; x_wconf 90' lang='lat'><strong>1)</strong></span> <span class='ocrx_word' id='word_1_286' title='bbox 364 2871 463 2907; x_wconf 83' lang='lat' dir='ltr'><strong>Miro</strong></span> <span class='ocrx_word' id='word_1_287' title='bbox 508 2880 640 2907; x_wconf 84' lang='lat' dir='ltr'><strong>errore</strong></span> <span class='ocrx_word' id='word_1_288' title='bbox 677 2869 725 2905; x_wconf 91' lang='grc' dir='ltr'><strong>Κ.</strong></span> <span class='ocrx_word' id='word_1_289' title='bbox 759 2869 959 2906; x_wconf 86' lang='lat' dir='ltr'><strong>Dieterieh</strong></span> <span class='ocrx_word' id='word_1_290' title='bbox 997 2868 1183 2905; x_wconf 86' lang='lat' dir='ltr'><strong>Unterss.-</strong></span> <span class='ocrx_word' id='word_1_291' title='bbox 1210 2879 1270 2904; x_wconf 45' lang='grc' dir='ltr'><strong>π»</strong></span> <span class='ocrx_word' id='word_1_292' title='bbox 1290 2866 1432 2904; x_wconf 82' lang='lat' dir='ltr'><strong>Gesch.</strong></span> <span class='ocrx_word' id='word_1_293' title='bbox 1472 2869 1508 2905; x_wconf 91' lang='lat' dir='ltr'><strong>d.</strong></span> <span class='ocrx_word' id='word_1_294' title='bbox 1553 2869 1702 2915; x_wconf 74' lang='lat' dir='ltr'><strong>grisoli.</strong></span> 
     </span>
     <span class='ocr_line' id='line_1_39' title="bbox 161 2929 1704 2980; baseline -0.003 -11"><span class='ocrx_word' id='word_1_295' title='bbox 161 2932 338 2980; x_wconf 83' lang='lat' dir='ltr'><strong>Spraehe</strong></span> <span class='ocrx_word' id='word_1_296' title='bbox 352 2942 390 2978; x_wconf 85' lang='lat' dir='ltr'><strong>p.</strong></span> <span class='ocrx_word' id='word_1_297' title='bbox 400 2931 471 2967; x_wconf 77' lang='lat'><strong>219</strong></span> <span class='ocrx_word' id='word_1_298' title='bbox 494 2930 701 2967; x_wconf 83' lang='lat' dir='ltr'><strong>contendit</strong></span> <span class='ocrx_word' id='word_1_299' title='bbox 715 2930 823 2976; x_wconf 84' lang='lat' dir='ltr'><strong>apud</strong></span> <span class='ocrx_word' id='word_1_300' title='bbox 834 2929 933 2976; x_wconf 88' lang='lat' dir='ltr'><strong>Poly</strong></span> <span class='ocrx_word' id='word_1_301' title='bbox 940 2929 1181 2966; x_wconf 56' lang='lat' dir='ltr'><strong>hiumetism</strong></span> <span class='ocrx_word' id='word_1_302' title='bbox 1194 2929 1362 2964; x_wconf 76' lang='lat' dir='ltr'><strong>formam</strong></span> <span class='ocrx_word' id='word_1_303' title='bbox 1377 2929 1704 2973; x_wconf 57' lang='lat' dir='ltr'><strong>ornum-inveniri.</strong></span> 
     </span>
    </p>
   </div>
  </div>
 </body>
</html>
