2074 3320
944 114 1177 162 ..¹13-

282 252 359 302 pro
390 242 664 299 Θαρρούντως
686 243 797 288 Xen.
831 257 950 288 conv..
974 245 1016 299 2,
1044 246 1090 288 ll
1118 244 1244 293 obvio
1266 244 1342 302 (cf.
1374 242 1433 299 (le
1452 257 1504 291 ea
1532 257 1577 290 re
1599 235 1838 300 Goetzeler,

283 315 337 360 de
389 316 556 372 Polybii
609 315 862 366 elocutione,
918 316 1098 360 Wirzeb.
1148 316 1257 360 1887
1310 329 1353 373 p.
1397 317 1450 361 14
1498 322 1543 360 et
1559 347 1563 359 ·.
1591 316 1838 368 Wunderer‚

282 387 553 431 coniecturae
599 386 879 443 Polybianae,
928 391 1025 432 acta
1072 400 1174 431 sem.
1224 386 1328 444 pbil.
1368 387 1542 444 Erlnng.
1575 388 1635 432 IV
1668 402 1709 445 p.
1731 388 1838 441 240)

280 458 361 509 vel,
395 457 508 512 quod
542 457 733 500 Platonis
769 457 1065 514 Xenophontis
1095 458 1271 501 aliorum
1305 462 1383 508 est,
1430 459 1678 511 θαρραλέως
1711 459 1837 516 Poly-

280 528 375 572 bius
398 527 513 571 -dieit
544 529 938 580 τεθαρρηκότως
972 522 1037 571 vel
1071 529 1600 581 κατατεθαρρηκότως
1636 530 1673 582 1,
1694 530 1767 584 44,
1788 530 1836 583 6;

282 602 320 654 1,
343 600 413 652 86,
436 600 482 653 53
517 600 653 652 2,10,
678 599 726 651 73
759 599 801 652 2,
824 600 895 652 23,
917 600 964 652 4;
989 600 1030 650 2,
1053 600 1123 650 32,
1147 600 1197 652 6;
1221 600 1261 648 2,
1284 601 1361 652 67,
1380 599 1426 652 7;
1449 599 1490 653 3,
1514 599 1648 652 76,9;
1670 600 1712 653 9,
1729 599 1771 653 9,
1789 600 1836 658 83

280 671 348 724 10,
376 670 442 721 13,
465 661 514 722 6'3
552 670 621 717 10.
648 670 717 723 14,
737 672 786 722 43
823 671 891 719 11,
920 669 985 721 18,
1010 670 1049 712 7.
1097 669 1220 730 Quod
1253 669 1368 726 apud
1393 669 1627 726 ,Polybium
1658 670 1836 726 primum

276 741 491 797 invenitur
511 741 621 793 sicut
654 754 707 784 ne
728 740 922 784 adverbii
947 742 1344 794 τετολμηκότως
1367 741 1538 798 quidem
1561 740 1673 796 quod
1696 746 1838 786 exstat

281 815 318 867 1,
342 812 413 867 23,
435 813 483 866 53
506 812 547 866 8,
569 812 641 860 34,
663 813 709 865 53
733 812 774 870 9,
796 812 839 867 4,
861 813 908 865 2;
938 812 1003 865 16,
1024 813 1096 866 33,
1122 813 1166 864 1;
1194 812 1260 866 16,
1278 812 1350 867 37,
1367 813 1394 856 6
1416 817 1632 857 auctorem
1655 811 1835 870 Polybio

276 885 460 940 priorem
493 884 653 926 afferre
685 896 868 938 possum.
932 883 1084 926 Omnia
1116 883 1323 927 eiusmodi
1354 883 1560 926 adverbia
1598 884 1835 938 frequentia

278 954 404 1010 longe
436 958 610 1010 superat
640 954 966 1007 ἐρρωμένως,
1000 954 1119 997 cuius
1139 952 1239 997 inde
1261 953 1316 998 ab
1338 952 1553 1010 Aeschylo
1582 953 1738 1006 (From.
1761 954 1834 1006 65)

276 1039 422 1069 omnes
469 1025 560 1067 fere
607 1024 840 1079 scriptores
887 1024 1082 1079 exempla
1136 1025 1355 1079 praebent.
1434 1024 1566 1079 Apudss
1608 1024 1834 1079 'Polybium

277 1100 417 1139 exstat
445 1097 481 1149 1,
503 1095 575 1148 45,
600 1095 644 1148 73
683 1096 718 1149 1,
743 1095 813 1149 76,
835 1097 882 1148 63
916 1094 1092 1148 2‚1.8;
1126 1096 1166 1148 2,
1189 1095 1357 1149 28,1o;
1390 1096 1431 1150 2,
1454 1095 1525 1149 30,
1548 1094 1595 1146 9ς
1629 1097 1669 1146 2,
1691 1094 1763 1149 67,
1785 1095 1832 1146 3ς

276 1167 317 1220 3,
339 1167 410 1220 56,
434 1167 484 1221 53
516 1167 558 1216 4,
580 1166 1232 1221 50,1;5,54,1;5,,73,12;,
1272 1168 1313 1218 6,
1336 1167 1408 1219 22,
1430 1166 1478 1218 3;
1522 1167 1657 1220 8,16,
1680 1170 1727 1219 ‘23
1765 1167 1831 1220 10,

280 1239 346 1288 12,
369 1238 416 1291 53
452 1237 521 1290 16,
543 1240 584 1291 2,
608 1237 653 1291 83
692 1237 758 1289 16,
781 1237 821 1290 9,
845 1238 892 1290 4;
932 1237 996 1290 16,
1019 1237 1090 1285 30,
1112 1238 1159 1290 4;
1197 1236 1358 1290 18,11,
1381 1237 1428 1291 93
1466 1238 1532 1290 18,
1555 1238 1627 1291 23,
1648 1237 1688 1280 6.
1739 1237 1833 1286 Huc

274 1308 487 1360 accedunt
517 1307 719 1350 nonnulla
750 1320 831 1349 non
866 1308 925 1364 ita
957 1308 1243 1361 frequentata,
1276 1320 1451 1361 quornm
1484 1307 1597 1350 idem
1631 1307 1834 1363 Polybius

275 1380 586 1422 vetustissimus
632 1377 801 1422 videtur
846 1384 997 1421 auctor
1044 1390 1155 1421 esse:
1203 1379 1512 1430 ὡρισμένως
1551 1379 1615 1431 10,
1647 1378 1718 1428 46,
1756 1380 1830 1431 10;

275 1442 347 1504 38,
369 1451 410 1502 6,
433 1450 481 1501 53
505 1449 969 1500 ὑποπεπτωκότως
991 1449 1063 1503 35,
1085 1449 1696 1502 2,13;διερριμμένως3,
1713 1449 1785 1503 58,
1802 1450 1830 1491 3

275 1519 616 1572 (ἀπερριμμένως
647 1520 692 1562 in
714 1520 906 1565 Aristeae
931 1519 1113 1575 epistula
1136 1519 1292 1574 legitur
1321 1523 1348 1573 ξ
1368 1520 1494 1573 2-21);
1527 1522 1730 1572 παρηλλ
1745 1529 1829 1571 αγ-

272 1592 443 1643 μένως
483 1591 547 1645 15,
575 1591 641 1641 13,
664 1591 704 1634 6.
753 1591 820 1633 Ex
842 1590 1027 1642 dictione
1062 1597 1278 1647 poetarum
1301 1591 1531 1647 assumpsit
1552 1590 1829 1644 ἀραρότως

271 1664 313 1716 3,
334 1663 450 1715 46,]
481 1662 555 1714 (cf.
575 1662 754 1704 Cronert
774 1663 875 1712 241,
893 1663 953 1713 3),
977 1675 1071 1704 cum
1088 1663 1420 1713 τεταγμένως
1442 1662 1514 1715 38,
1537 1661 1578 1716 6,
1601 1662 1628 1711 3
1650 1661 1829 1718 Polybio

271 1746 364 1786 eum
399 1733 556 1775 Atticis
589 1745 809 1776 commune
841 1733 908 1774 sit.
