2074 3320
958 121 1097 159 -ῃ
1147 142 1189 150 -

292 236 573 284 inveteravit:
615 241 750 285 Recte
772 241 1021 286 Hultschins
1043 242 1150 286 XIX
1177 245 1195 286 1
1232 252 1273 300 p.
1302 245 1384 289 146
1406 244 1506 290 adm
1538 246 1580 290 in
1602 246 1846 292 memoriam

295 317 471 355 revocat
509 312 752 357 Aristotelis
779 313 1059 370 ·frequentem
1105 315 1228 360 huius
1271 317 1478 361 formulae
1523 331 1657 362 usum.
1720 317 1847 376 Apud

296 381 409 425 hunc
440 391 581 426 autem
607 386 829 437 συμβαίνει
862 391 979 429 certa
1011 387 1307 445 philosophiae
1339 390 1455 432 notio
1487 395 1552 433 est
1584 391 1660 442 (cf.
1685 391 1847 445 Bonita,

295 453 388 495 Ind.
411 454 588 497 Aristot.
613 469 652 509 p.
674 456 758 498 713
771 456 826 509 b),
860 470 998 512 neque
1028 458 1250 513 quisquam
1284 461 1451 515 ignorat
1473 461 1712 505 Aristotelis
1743 461 1848 505 illud

295 525 345 566 τὸ
376 527 656 578 συμβεβηκός.
720 528 756 569 Α
779 540 872 581 quo
906 528 1108 584 Polybius
1140 543 1190 572 eo
1223 529 1382 584 differt,
1424 531 1536 585 quod
1569 531 1612 574 in
1644 532 1734 575 eius
1765 545 1847 575 ser-

294 608 417 639 mone
458 598 680 649 συμβαίνει
718 598 792 640 tali
830 598 1149 653 significatione
1186 601 1312 657 plane
1349 608 1478 644 exuta
1518 603 1559 644 in
1592 602 1694 645 meri
1728 602 1848 659 phra-

294 667 497 724 seologici
545 669 664 712 verbi
712 669 975 726 provinciam
1025 671 1206 732 transiit.
1284 672 1522 717 Secundum
1568 673 1848 730 Polybianum

294 740 426 795 igitur
472 754 643 795 morem,
691 746 737 784 ut
779 741 836 784 ad
880 743 1101 786 arbitrium
1145 758 1334 800 promam
1367 744 1620 801 exemplum,
1663 746 1705 799 4,
1727 745 1799 800 65,
1822 746 1848 788 9

295 812 398 863 τοὺς
431 812 512 864 γὰρ
535 812 737 866 Οἰνιάδας
768 816 933 857 κεῖσθαι
966 816 1188 867 συμβαίνει
1219 817 1335 868 παρὰ
1365 816 1578 859 θάλατταν
1605 816 1709 859 nihil
1732 816 1848 859 aliud

296 882 410 925 valet
471 884 551 926 nisi
608 884 649 926 οἱ
699 884 892 927 Οἰνιάδαι
949 888 1107 928 κεῖνται
1159 887 1274 940 παρὰ
1324 887 1550 930 θάλατταν.
1633 886 1849 930 Eiusmodi

296 954 693 997 circumlocutiones
729 956 926 1011 scriptori
966 957 1025 998 ibi
1057 957 1321 1012 potissimum
1353 958 1396 1000 in
1428 956 1593 1001 deliciis
1624 963 1734 1010 sunt,
1777 957 1847 999 ubi

295 1024 482 1067 locorum
515 1024 623 1068 situs
654 1025 860 1069 describit
898 1027 972 1079 (cf.
1007 1027 1127 1070 Stich
1161 1041 1202 1083 p.
1231 1027 1344 1080 184).
1408 1027 1676 1082 Aliquotiens
1707 1033 1848 1071 autem

297 1095 379 1137 hac
410 1098 451 1138 in
485 1110 530 1139 re
553 1098 681 1141 etiam
705 1097 942 1153 perfectum
966 1099 1204 1151 συμβέβηκε
1225 1098 1462 1142 adhibitum
1488 1104 1567 1153 est,
1600 1104 1645 1142 ut
1676 1100 1717 1148 3,
1733 1099 1804 1149 37,
1824 1100 1851 1140 4

299 1167 451 1210 Νείλου
493 1169 568 1220 μὲν
608 1168 687 1211 οὖν
726 1170 793 1211 καὶ
830 1168 1042 1220 Τανάιδος
1081 1170 1233 1221 μεταξὺ
1265 1171 1343 1221 τὴν
1376 1169 1521 1213 Ἀσίαν
1552 1173 1715 1213 κεῖσθαι
1747 1180 1850 1222 συμ-

298 1239 462 1293 βέβηκε.
525 1239 725 1283 Concedo
757 1240 996 1283 artificiosa
1028 1240 1211 1295 quadam
1247 1242 1409 1284 ratione
1442 1243 1678 1295 συμβέβηκε
1700 1241 1760 1284 ita
1784 1255 1851 1284 ex·

298 1310 450 1366 plicari
496 1324 634 1366 posse,
681 1317 726 1353 ut
770 1311 946 1353 denotet
988 1311 1032 1352 id
1078 1311 1191 1365 quod
1224 1311 1439 1367 colligitur
1470 1326 1521 1354 ex
1560 1313 1702 1356 verbis
1738 1318 1852 1354 ante·

300 1381 573 1425 cedentibus:
619 1382 775 1434 ταύτης
815 1383 858 1434 (i.
882 1395 919 1425 e.
952 1385 1028 1435 τῆς
1061 1383 1328 1435 οἰκουμένης)
1368 1384 1622 1437 διῃρημένης
1661 1384 1720 1435 εἰς
1759 1384 1854 1436 τρία

300 1454 405 1504 μέρη
439 1487 449 1498 .
485 1485 494 1494 .
529 1485 538 1494 .
571 1454 621 1494 τὸ
653 1455 730 1504 μὲν
759 1454 808 1494 ἓν
840 1454 967 1504 μέρος
1000 1454 1130 1504 αὐτῆς
1163 1452 1311 1495 Ἀσίαν
1344 1485 1352 1494 .
1383 1485 1392 1495 .
1422 1486 1431 1495 .
1464 1453 1852 1505 προσαγορεύουσι.

299 1523 377 1575 τὰς
422 1524 468 1565 δὲ
513 1523 727 1576 διαφορὰς
772 1523 930 1575 ταύτας
976 1523 1194 1575 ὁρίζουσιν
1230 1523 1256 1566 ὅ
1296 1538 1341 1566 τε
1372 1524 1532 1577 Τάναϊς
1563 1525 1755 1576 ποταμὸς
1787 1525 1853 1566 καὶ

301 1595 454 1644 Νεῖλος
489 1626 498 1635 .
532 1628 540 1635 .
575 1626 584 1635 .
620 1594 772 1636 Νείλου
819 1595 897 1644 μὲν
943 1594 1023 1636 οὖν
1054 1627 1063 1636 .
1097 1626 1107 1636 .
1141 1626 1150 1636 .
1184 1598 1415 1648 sequuntur
1458 1608 1567 1648 quae
1611 1608 1738 1655 snpra
1784 1607 1854 1637 ex-

298 1664 447 1719 scripsi
482 1664 625 1706 verba.
689 1665 852 1707 Tamen
891 1664 1001 1707 adeo
1038 1669 1176 1708 status
1207 1666 1443 1720 praesentis
1474 1666 1589 1707 notio
1621 1665 1853 1720 praevalet,

299 1740 346 1776 ut
377 1736 617 1788 συμβέβηκε
657 1736 730 1778 vix
763 1735 888 1777 aliter
919 1734 1219 1794 accipiendum
1252 1736 1308 1778 sit
1338 1748 1391 1779 ac
1423 1736 1642 1788 συμβαίνει
1674 1736 1716 1778 in
1749 1735 1855 1778 eius-

298 1807 412 1850 modi
458 1807 680 1851 sententiis
724 1806 1123 1861 frequentissimum.
1186 1806 1323 1850 Simili
1368 1806 1493 1849 modo
1538 1820 1604 1849 res
1642 1820 1688 1849 se
1726 1806 1856 1849 liabe't

300 1877 879 1932 34,1,13;·εὒκρατοτέρας
917 1876 1025 1919 εἶναι
1062 1878 1298 1930 συμβέβηκε
1335 1877 1412 1928 τὰς
1455 1877 1539 1920 ὑπὸ
1570 1877 1646 1920 τὸν
1678 1870 1857 1929 ἰσημερι-

300 1951 403 1993 νὸν’
431 1950 617 2001 οἰκήσεις
747 1982 757 1991 .
795 1951 882 1991 τῶν
934 1950 1030 2001 περὶ
1082 1949 1134 1991 τὰ
1186 1949 1348 2002 πέρατα
1399 1951 1475 2001 τῆς
1528 1949 1856 2000 διακεκαυμένης

301 2022 525 2073 οἰκήσεων.
579 2020 719 2063 Etiam
747 2021 814 2074 12,
837 2021 904 2073 17,
927 2026 944 2062 1
973 2024 1116 2063 exstat
1137 2020 1388 2073 συμβέβηκε.
1441 2020 1633 2063 Illustrat
1655 2018 1858 2076 Polybius

302 2093 576 2137 Callisthenis
620 2106 757 2136 rerum
805 2081 1026 2148 scriptoris
1073 2093 1327 2150 imperitiam
1376 2093 1418 2134 in
1465 2091 1687 2134 narrandis
1733 2092 1858 2134 rebus

302 2164 555 2206 militaribus
593 2170 634 2205 et
675 2162 928 2205 mentionem
971 2162 1077 2204 facit
1119 2165 1214 2214 μιᾶς
1252 2162 1542 2216 παρατάξεως,
1582 2163 1635 2214 ἣν
1666 2162 1752 2214 ἅμα
1783 2164 1858 2214 μὲν

303 2235 399 2277 οἵαν
437 2235 784 2287 ἐπιφανεστάτην
823 2233 929 2276 εἶναι
967 2235 1245 2287 συμβέβηκεν,
1284 2234 1370 2286 ἅμα
1410 2236 1456 2277 δὲ
1487 2238 1578 2286 τοῖς
1611 2236 1774 2285 καιροῖς
1806 2234 1857 2276 οὐ

303 2306 467 2359 μακρὰν
498 2302 792 2359 ἀπηρτῆσθαι,’
816 2307 865 2349 τὸ
897 2307 944 2349 δὲ
980 2306 1194 2360 μέγιστον,
1227 2303 1584 2359 παρατετευχέναι
1616 2306 1693 2348 τὸν
1717 2306 1859 2348 Καλλι-

304 2379 477 2429 σθένην.
541 2379 590 2420 In
637 2379 778 2434 priore
824 2377 1032 2420 enuntiati
1080 2384 1201 2433 parte
1249 2391 1342 2420 cum
1392 2378 1657 2430 συμβέβηκεν
1700 2377 1858 2432 optime

305 2448 486 2503 quadret
534 2448 590 2491 ad
638 2447 747 2491 εἶναι
794 2461 930 2503 eaque
977 2448 1134 2491 locutio
1182 2448 1361 2504 perfecti
1409 2447 1527 2491 vices
1579 2448 1764 2503 expleat,
1817 2449 1859 2490 in

305 2521 553 2575 posteriore
585 2519 763 2575 perfecti
804 2519 1041 2562 infinitivos
1079 2524 1172 2561 aut
1183 2518 1381 2562 liberiore
1412 2518 1596 2573 quodam
1629 2517 1755 2561 modo
1786 2517 1859 2561 ad·

305 2590 473 2634 iunctos
505 2602 598 2634 esse
629 2594 716 2644 ant,
749 2588 793 2632 id
827 2588 940 2645 quod
974 2602 1055 2646 ego
1087 2588 1257 2644 quidem
1290 2590 1380 2632 veri
1412 2589 1590 2633 similius
1611 2594 1726 2645 puto,
1759 2598 1860 2642 συμ-

307 2662 456 2714 βέβηκε
493 2661 731 2717 praesentis
770 2662 812 2703 vi
851 2662 1099 2704 instructum
1139 2673 1231 2704 esse
1242 2662 1552 2711 statuemus¹).
1615 2660 1724 2705 Nam
1757 2669 1859 2713 συμ-

308 2727 458 2788 βέβηκε
501 2734 536 2776 si
584 2744 728 2776 verum
778 2732 1012 2789 perfectum
1059 2738 1136 2783 est,
1185 2733 1280 2776 fieri
1324 2745 1406 2775 non
1447 2735 1600 2788 potest,
1648 2736 1693 2774 ut
1732 2732 1858 2775 etiam

452 2887 486 2931 1)
513 2885 568 2922 Cf.
596 2876 893 2932 Wackernagel
920 2884 1062 2932 Indog.
1082 2864 1246 2921 Porsen.
1273 2882 1316 2919 V.
1340 2864 1441 2919 Ans.
1467 2893 1504 2931 p.
1521 2883 1578 2920 59.
