2074 3320
992 116 1201 151 -6-

319 234 463 288 tingen
491 234 620 286 1904)
643 234 685 275 in
707 233 787 276 bac
811 234 1060 287 quaestione
1082 234 1185 277 mihi
1207 234 1431 277 utilissima
1453 234 1546 277 fuit.
1595 233 1692 278 Alia
1713 234 1874 290 scripta

317 317 392 347 suo
411 303 608 358 quodque
630 303 724 346 loco
742 304 1177 349 commemorabimus.
1212 304 1298 348 Sed
1320 305 1564 360 priusquam
1586 303 1641 346 ad
1660 305 1871 360 proprium

316 378 504 417 nostrum
547 373 812 430 propositum
856 373 1128 429 accedamus,
1175 389 1199 419 e
1232 388 1277 419 re
1322 388 1413 420 esse
1458 378 1562 432 puto
1599 379 1872 431 conspectum

317 446 503 488 omnium
550 445 835 501 perfectorum
884 445 999 500 apud
1049 447 1274 501 Polybium
1323 445 1581 490 exstantium
1630 445 1871 501 legentibus

317 529 567 572 proponere,
614 516 794 571 primum
826 521 873 559 ut
911 520 1001 559 tota
1032 521 1180 572 pateat
1212 517 1498 573 perfectorum
1530 516 1668 572 copia,
1716 514 1872 559 deinde

316 591 362 628 ut
394 587 713 642 comparatione
744 587 854 629 inter
886 587 1109 643 Polybium
1143 592 1185 630 et
1217 588 1382 643 priores
1420 588 1648 643 scriptores
1679 587 1872 630 instituta

316 656 444 700 facile
476 658 605 700 statui
628 658 775 713 possit,
808 670 901 700 cum
931 662 1138 711 quatenus
1160 658 1452 702 hellenisticus
1483 659 1663 714 scriptor
1684 661 1871 701 veterem

315 728 602 784 perfectorum
635 728 856 771 materiam
878 728 1126 783 servaverit,
1160 734 1247 771 tum
1272 742 1381 784 quae
1402 730 1596 786 perfecta
1617 733 1744 772 antea
1774 742 1872 772 rara

316 812 341 841 a
373 799 554 855 Polybio
587 800 908 854 frequententur
939 805 982 842 et
1014 812 1123 854 quae
1155 799 1334 856 primum
1365 799 1481 856 apud
1522 800 1631 843 hunc
1661 800 1871 854 legantur.

317 871 550 924 Disponam
573 871 789 923 ingentem
809 871 1099 925 exemplorum
1123 870 1437 913 multitudinem
1459 872 1693 913 litterarum
1710 869 1870 924 ordine,

318 940 379 982 ita
409 945 565 994 tamen,
598 945 645 983 ut
677 942 914 996 composita
946 954 1056 995 quae
1088 941 1267 996 plurima
1299 954 1392 984 esse
1423 941 1539 997 apud
1571 936 1795 997 Polybium
1826 945 1872 983 ut

316 1011 646 1066 compositorum
678 1010 1033 1054 studiosissimum
1067 1016 1233 1054 constat
1248 1014 1295 1065 ¹),
1343 1010 1400 1054 ad
1432 1011 1645 1067 simplicia
1675 1011 1870 1053 referam.

316 1080 484 1124 Deinde
507 1082 677 1138 proprio
701 1081 845 1138 capite
877 1087 1030 1137 agetur
1053 1081 1256 1136 quidquid
1291 1081 1520 1125 formarum
1541 1081 1870 1138 Polybianarum

315 1156 464 1194 notatu
496 1165 589 1195 esse
622 1152 799 1208 dignum
821 1151 1001 1195 videtur.
1047 1153 1193 1195 Tertio
1216 1153 1356 1208 capite
1388 1152 1442 1195 de
1464 1153 1591 1195 rebus
1621 1153 1870 1208 syntacticis

316 1221 539 1266 disseram.
604 1223 799 1267 Ceterum
847 1225 968 1267 mitto
1017 1224 1226 1279 legentem
1271 1223 1326 1267 ad
1372 1223 1540 1279 plenum
1578 1228 1870 1280 argumentum

317 1293 431 1347 quod
478 1296 555 1337 sub
597 1295 729 1337 finem
779 1295 902 1338 huius
950 1296 1139 1350 opusculi
1184 1294 1339 1337 adieci.
1400 1294 1591 1337 Adhibui
1633 1294 1677 1336 in
1719 1294 1871 1337 studiis

317 1364 423 1407 meis
443 1363 652 1407 editiones
685 1363 956 1407 historiarum
982 1363 1312 1419 Polybianarum
1337 1362 1547 1406 Hultschii
1571 1369 1615 1405 et
1637 1362 1870 1406 Bucttneri—

316 1435 498 1478 Wobstii
545 1435 792 1488 numerique
836 1433 994 1476 adiecti
1038 1434 1217 1489 singulis
1251 1434 1389 1477 verbis
1432 1438 1530 1476 sunt
1573 1432 1673 1476 inde
1705 1447 1731 1476 a
1762 1433 1869 1476 libro

315 1506 449 1561 primo
482 1518 614 1560 usque
655 1504 710 1547 ad
743 1511 940 1548 octavum
985 1504 1185 1548 editionis
1217 1504 1522 1548 Hultschianae
1560 1504 1737 1547 alterius
1767 1503 1866 1547 voll.

315 1577 334 1618 I
366 1582 409 1619 et
442 1577 498 1630 ΙΙ,
547 1589 641 1619 cum
687 1578 730 1618 in
774 1576 949 1630 reliquis
992 1576 1110 1619 libris
1154 1576 1490 1630 fragmentisque
1534 1576 1724 1619 incertae
1756 1574 1870 1617 sedis

313 1655 484 1692 secutus
515 1647 596 1690 sim
629 1647 1177 1690 Buettnerum-Wobstium.
1230 1646 1393 1698 Quibus
1425 1647 1631 1703 expositis
1662 1647 1748 1689 iam
1779 1660 1870 1702 pro-

313 1732 519 1775 ponamus
550 1719 837 1775 perfectorum
871 1723 1160 1775 conspectum.

457 1847 493 1890 1)
519 1847 569 1882 cf.
596 1847 646 1882 de
672 1856 722 1883 ea
746 1857 791 1883 re
817 1846 1012 1883 Sticbium
1039 1859 1076 1893 p.
1098 1846 1284 1883 147-149
1310 1850 1349 1881 et
1377 1846 1558 1891 Viereck‚
1584 1845 1722 1883 Sermo
1749 1846 1869 1882 Grae-

315 1916 385 1942 cus
411 1917 448 1952 p.
476 1906 532 1941 74.
