2074 3320
823 155 1054 192 ..59-

429 275 487 317 -2,
522 274 601 317 De.
623 275 887 330 perfectis·
910 273 1211 329 quibusdam·
1239 273 1438 316 aetatis
1496 286 1503 315 ε
1554 282 1593 307 ·-’

646 346 964 389 recentioris
994 344 1259 401 propriiS.'

309 415 392 458 Hie
422 414 672 458 collocanda
691 418 791 459 'sunt
818 415 904 458 alia
925 414 1135 470 quaedam
1151 415 1351 471 perfecta
1371 414 1529 458 seriore
1551 417 1716 456 tantum

167 498 274 545 aevo
306 486 583 539 occurrentia,
632 497 806 540 quorum
847 487 985 542 priore
1027 486 1121 529 loco
1159 497 1211 528 ea
1251 485 1447 537 afferam,
1494 496 1604 539 quae
1643 484 1716 527 mi*

166 561 337 600 scentur
367 570 393 599 a
423 557 631 613 scriptore
663 569 756 599 cum
788 557 936 599 formis
966 556 1285 612 antiquioribus
1334 556 1426 598 Hoc
1457 554 1574 598 cadit
1604 555 1646 598 in

830 627 1028 679 ἀγήοχα.
1352 640 1356 644 ’

309 656 373 742 De
411 656 664 743 formatione
704 697 828 741 huius
867 698 1049 754 perfecti
1081 698 1139 741 cf:
1170 698 1236 740 Et
1271 698 1327 740 M.
1359 698 1399 751 9,
1423 698 1480 740 28
1501 711 1593 752 sqq.
1646 698 1715 740 In-

167 769 333 811 venitur
363 769 478 824 'apud
510 769 735 824 Polybium
767 771 839 822 23,
860 769 901 818 3,
931 772 973 823 1;
1017 770 1090 822 25,
1112 770 1153 821 2,
1175 769 1223 821 5;
1270 770 1340 823 30,
1362 770 1405 823 4,
1432 769 1504 822 l·7;
1547 782 1640 811 eum
1672 769 1714 822 9,

167 840 237 893 21,
262 839 308 893 73
343 840 412 894 12,
433 840 500 894 16,
518 839 569 894 23
605 840 672 894 12,
694 840 787 894 26⁶,
811 840 838 882 3
869 839 1082 895 antiquior
1102 840 1239 884 forma
1259 840 1342 893 ἦχα
1369 844 1574 895 usurpata
1600 840 1714 892 siv).

167 911 424 968 Saepissime
439 909 609 962 ἀγήοχα
631 911 799 954 obviam
822 911 875 953 fit
896 912 938 953 in
961 911 1121 953 chartis
1140 911 1214 964 (cf.
1232 911 1414 967 Mayser‚
1447 910 1714 954 Grammatik-

167 981 243 1024 der
289 981 450 1037 griech.
496 982 655 1037 Papyri
702 995 778 1025 aus
824 981 901 1025 der
940 982 1265 1026 Ptolemaerzeit
1305 997 1345 1038 p.
1368 982 1489 1035 3383.
1523 981 1713 1044 Cronert,

168 1053 370 1095 Memoria
402 1053 567 1095 Graeca
590 1053 987 1108 Herculanensis‘p.
1010 1054 1110 1107 243,
1137 1056 1193 1107 1).
1256 1054 1397 1096 Etiam
1428 1053 1602 1105 ἀγείοχα
1632 1057 1714 1096 tra·

167 1122 311 1165 ditum
329 1132 421 1166 esse
452 1137 535 1166 non
564 1123 785 1166 mirabitur
806 1124 887 1178 qui
912 1124 1120 1180 inspeetis
1141 1125 1246 1167 locis
1273 1138 1298 1167 a
1320 1124 1515 1179 Maysero
1540 1123 1714 1166 collatis

167 1194 247 1237 sibi
280 1194 552 1250 persuaserit,
584 1208 707 1250 quam
742 1207 825 1238 non
857 1200 1021 1239 constet
1053 1195 1175 1239 huius
1205 1194 1369 1238 formae
1398 1195 1622 1251 scriptura.

719 1266 928 1319 ἔστραφα,
960 1267 1160 1318 τέτραφα.

309 1336 378 1379 Ad
410 1336 631 1379 verborum
672 1336 896 1388 στρέφειν
906 1337 1075 1388 τρέπειν
1113 1338 1287 1390 τρέφειν
1324 1341 1446 1379 vetus
1477 1336 1713 1392 perfectum

167 1407 360 1459 ἔστροφα
403 1411 446 1449 et
489 1407 677 1459 τέτροφα
724 1410 867 1448 aetate
915 1406 1178 1449 hellenistica
1217 1420 1328 1448 nova
1363 1406 1543 1461 perfecti
1577 1404 1714 1448 forma

168 1476 337 1520 accedit
359 1476 681 1521 accommodata
701 1476 757 1520 ad
776 1477 882 1533 perf.
904 1491 1018 1534 pass.
1041 1476 1274 1530 ἔστραμμαι
1295 1478 1521 1529 τέτραμμαι
1542 1478 1714 1530 τέθραμ-

167 1562 238 1600 μαι
269 1549 556 1603 formaturque
588 1549 785 1601 ἔστραφα
816 1553 859 1591 et
889 1549 1080 1601 τέτραφα
1112 1548 1185 1601 (cf.
1216 1548 1527 1603 Wackernagel
1560 1563 1600 1604 p.
1627 1547 1713 1600 16).

168 1619 371 1676 Polybius
387 1620 458 1663 hic
475 1633 643 1674 quoque
659 1620 807 1662 miscet
823 1620 1077 1670 vetustiores
1092 1619 1251 1663 formas
1268 1626 1311 1662 et
1328 1621 1597 1672 recentiores,
1620 1632 1714 1662 eum

167 1691 362 1744 ἔστροφα
383 1691 600 1747 scripserit
621 1691 787 1747 5,110,
810 1690 852 1743 6,
883 1690 1073 1743 τέτροφα
1093 1690 1135 1744 5,
1160 1691 1228 1744 74,
1250 1691 1300 1743 5;
1333 1690 1404 1743 28,
1429 1690 1468 1742 7,
1492 1690 1533 1744 9,
1567 1693 1715 1733 eontra

166 1761 368 1814 ἔστραφα
393 1762 464 1813 23,
492 1764 557 1815 11,
580 1763 619 1804 2
640 1767 682 1804 et
712 1763 922 1814 τέτραφα
937 1763 1001 1811 12,
1012 1759 1120 1814 25¹¹,
1143 1763 1214 1857 52)
1247 1761 1320 1814 (ad
1347 1774 1548 1817 praesens
1569 1761 1714 1813 τρέφω

167 1832 401 1923 pertinens)
430 1832 504 1882 30,
527 1833 568 1886 6,
590 1832 618 1875 6
650 1831 738 1886 (ad
756 1833 915 1883 τρέπω
930 1831 1169 1888 spectans).
1291 1844 1293 1847 ·

481 1939 527 1944 ..
595 1940 629 1943 ,ι
693 1926 695 1928 -
780 1938 783 1942 .
845 1904 1031 1955 τέτευχα.
1512 1935 1515 1938 <

274 1941 460 2028 §serbi
469 1973 687 2026 τυγχάνω
684 1973 932 2029 perfectum
965 1974 1098 2017 Attici
1129 1974 1316 2029 fingunt
1323 1973 1504 2017 radicis
1526 1987 1622 2025 τυχ·
1635 1985 1716 2029 ope

167 1991 397 2096 dicuntque
442 2043 660 2095 τετύχηκα.
726 2044 879 2086 For-ma
924 2045 1100 2096 ’τέτευχα
1130 2044 1313 2098 quinto
1323 2058 1370 2087 =a.
1403 2044 1501 2086 Chr.
1540 2043 1715 2087 saeculo

167 2127 250 2157 non
281 2115 464 2157 occurrit
495 2113 577 2156 nisi
608 2115 650 2156 in
675 2113 778 2157 Iade
811 2119 854 2157 et
885 2119 1036 2168 quarto
1068 2114 1235 2157 demum
1265 2114 1436 2158 saeculo
1468 2115 1508 2156 in
1538 2113 1715 2157 Atthide

167 2183 499 2240 deprehenditur
530 2184 679 2240 paneis
710 2185 828 2233 locis.
889 2186 1041 2239 Itaque
1083 2184 1285 2227 damnato
1316 2186 1494 2236 τέτευχα
1523 2198 1550 2226 a
1581 2183 1715 2238 Phry·

167 2254 292 2298 nicho
310 2263 363 2310 p.
387 2254 474 2298 395
505 2255 556 2298 L.
580 2254 900 2298 commendatur
929 2255 1148 2308 τετύχηκᾳ.
1212 2255 1334 2311 Apud
1361 2255 1581 2311 Polybium
1613 2267 1713 2297 vero

166 2327 340 2377 τέτευχα
383 2326 444 2368 ita
475 2325 606 2381 viget,
654 2331 700 2369 ut
731 2328 1004 2370 vetustiorem
1049 2327 1226 2370 formam
1273 2340 1354 2368 uno
1399 2327 1490 2369 loco
1531 2329 1712 2381 excepto

168 2398 260 2452 (12,
279 2397 375 2450 289,
395 2397 441 2448 5)
473 2396 610 2452 plane.
631 2398 858 2440 removeri-t
887 2403 1061 2452 totaque
1092 2398 1165 2440 illa
1197 2403 1340 2440 aetate
1363 2397 1468 2439 haec
1499 2396 1714 2440 sollemnis

311 2550 344 2593 1)
372 2549 485 2592 Quae
510 2559 599 2585 cum
625 2550 684 2585 ita
702 2550 798 2593 ¹sint,
824 2551 1107 2595 corrigendum
1140 2556 1200 2586 est
1224 2550 1332 2595 quod
1359 2551 1567 2586 contendit
1594 2551 1714 2586 Eber-

168 2608 279 2651 hard,
305 2608 463 2645 observ.
489 2607 735 2653 Polybianae
761 2619 798 2653 p.
816 2608 882 2651 363·
909 2626 913 2633 ‹
920 2610 1042 2658 „.pert
1069 2609 1181 2644 verbi
1216 2610 1319 2651 ἄγειν
1345 2619 1435 2644 eum
1461 2608 1604 2646 Atticis
1629 2614 1713 2645 tum

166 2667 334 2714 Polybio
360 2667 660 2704 usitatissimum
686 2670 746 2703 est
771 2668 862 2712 ἤχα;
887 2667 956 2703 sed
983 2668 1156 2704 decurrit
1180 2669 1299 2704 etiam
1325 2667 1561 2712 ἀγηοχέναιῆ

201 2761 203 2763 .
254 2756 258 2764 ι
307 2727 345 2772 2)
371 2726 466 2765 Non
486 2737 655 2773 possum
672 2727 908 2773 adstipulari
934 2727 1273 2775 Wackernagelio
1293 2728 1395 2764 hanc
1417 2729 1673 2765 lectioneml.
1691 2730 1714 2765 l.

167 2762 203 2833 ιι.
223 2787 278 2823 16.
295 2787 431 2824 adnot.
470 2789 642 2825 tentanti
661 2790 832 2833 propter
857 2787 1060 2832 ἑτετράφει
1077 2787 1113 2831 5,·
1129 2787 1194 2832 74,
1202 2787 1242 2823 5
1250 2787 1336 2823 cod.
1362 2784 1448 2824 Vat'.
1475 2788 1716 2825 auctoritate

167 2845 474 2886 confirmatum..
490 2844 555 2884 Si
567 2845 763 2891 alicuius,
786 2845 943 2912 Polybii
969 2847 1119 2921 foi-maa
1145 2847 1314 2883 variare
1328 2848 1452 2921 fuisse
1474 2850 1530 2907 et
1535 2848 1715 2922 vidimus

168 2908 209 2941 et
233 2904 469 2942 videbimus
1043 2923 1046 2925 ·
1206 2916 1224 2926 ··’
1278 2922 1279 2926 =
1301 2919 1317 2926 ··
1391 2921 1394 2924 ⁴
1521 2923 1523 2927 Α
1643 2920 1646 2923 ·
