2074 3320
916 130 958 137 ..
1009 99 1147 152 *12-

260 227 405 279 λαβὼν
448 227 714 280 ἐπτοημένον
751 229 827 271 τὸν
860 230 1038 281 βασιλέα
1070 230 1138 272 καὶ
1170 229 1339 273 δεδιότα
1370 231 1420 273 τὸ
1451 231 1631 282 γεγονὸς
1663 232 1815 283 κίνημα

256 298 326 347 vel,
357 310 449 346 cnm
485 298 766 348 locutionibus
810 299 996 342 acriores
1040 300 1220 355 affectus
1266 299 1589 347 denotantibus:
1629 303 1669 356 8,
1692 302 1813 356 21,*2

256 369 326 421 (τὰ
357 370 435 420 μὲν
465 370 696 422 περιχαρὴς
729 369 799 422 ἦν)
834 403 844 412 .
880 403 889 412 .
925 404 934 412 .
966 371 1019 413 τὰ
1039 372 1098 414 δὲ
1123 371 1253 415 πάλιν
1274 371 1537 424 ἐπτοημένος
1559 374 1627 415 καὶ
1648 373 1814 425 πλήρης

255 438 466 492 ἀγωνίας,
503 440 569 492 14,
591 440 633 491 5,
659 440 681 481 7
715 440 1036 492 ἐξεπτοημένων
1070 443 1137 483 καὶ
1162 442 1454 494 παρεστώτων
1475 445 1568 494 ταῖς
1591 443 1814 494 διανοίαις.

256 508 450 563 Reliquis
481 510 587 552 locis
619 509 707 552 veri
730 523 898 565 quoqne
922 512 1105 567 perfecti
1127 513 1212 555 vim
1228 512 1392 572 *habere
1414 517 1576 568 potest:
1609 513 1650 562 3,
1668 513 1739 563 53,
1760 514 1814 555 10

303 612 312 621 .
347 612 357 622 .
391 581 580 632 πολλοὺς
622 581 697 632 μὲν
736 580 898 634 ἵππους
942 584 1028 625 τῶν
1061 582 1401 636 ἀπεπτοημένων
1433 582 1814 640 („perturbatus“),

256 652 397 694 πολλὰ
444 652 480 693 δ’
530 651 738 703 ὑποζύγια
784 656 871 695 τῶν
918 653 1223 707 ἀπερριφότων
1273 655 1323 697 τὰ
1371 655 1548 708 φορτία;
1603 654 1670 708 18,
1693 655 1764 709 22,
1788 655 1811 698 7

256 727 432 776 θεωρῶν
464 724 516 766 οὐ
551 724 686 775 μόνον
709 756 719 766 .
754 756 763 766 .
797 759 807 769 .
830 725 933 776 τοὺς
960 725 1122 781 4ἱππέας
1155 726 1461 780 ἐγκεκλικότας,
1493 725 1604 769 ἀλλὰ
1635 726 1704 768 διὰ
1719 725 1814 768 τού-

256 808 358 846 τους
401 796 469 836 καὶ
519 796 596 845 τὴν
649 794 757 846 ὅλην
807 794 986 846 δύναμιν
1032 797 1311 848 ἐπτοημένην.
1373 797 1570 846 Proxime
1616 795 1672 838 ad
1720 809 1813 839 eam

256 855 483 921 participii
504 865 768 917 ἐπτοημένος
802 864 1176 921 significationem,
1210 879 1336 921 qnam
1370 867 1644 922 cognovimus
1674 867 1715 917 3,
1738 866 1811 921 53,

260 938 328 989 10,
373 935 543 978 accedit
586 937 975 988 πεφοβημένος
1010 938 1080 987 15,
1106 938 1173 989 12,
1196 938 1224 978 4
1257 938 1299 979 in
1340 937 1466 980 simili
1510 938 1812 980 sententiarum

257 1019 421 1051 conexu
477 1011 742 1063 usurpatum:
799 1006 881 1059 ἕως
927 1006 1029 1050 ὅτου
1082 1008 1360 1061 πεφοβημένα
1408 1008 1476 1059 (τὰ
1522 1008 1663 1061 θηρία)
1708 1043 1715 1051 .

257 1079 326 1128 διὰ
373 1081 460 1120 τῶν
508 1078 807 1129 διαστημάτων
854 1079 1111 1121 ἐξέπεσε..
1147 1111 1157 1121 .
1220 1079 1419 1134 Sequitur
1465 1079 1815 1131 καταπέπληγ-

257 1165 342 1202 μαι
381 1148 607 1202 (interdum
651 1149 779 1192 etiam
824 1150 1143 1202 ἐκπέπληγμαι),
1192 1150 1303 1205 quod
1350 1151 1505 1194 amissa
1544 1151 1655 1194 omni
1695 1163 1813 1206 prae-

257 1221 371 1264 teriti
402 1221 574 1262 notione
606 1219 712 1262 nihil
743 1220 859 1263 aliud
893 1221 1007 1263 valet
1039 1221 1118 1264 nisi
1155 1221 1351 1275 ‚‚timeo“,
1400 1220 1456 1264 cf.
1489 1220 1609 1264 Stich
1649 1235 1690 1277 p.
1716 1221 1813 1266 171.

258 1291 397 1336 Huius
437 1304 620 1351 quoque.
649 1292 768 1334 verbi
815 1293 1045 1347 praecipue
1093 1297 1316 1346 usurpatur
1362 1292 1629 1347 participium
1679 1298 1724 1334 ut
1776 1294 1813 1345 1,

258 1363 329 1415 20,
362 1362 389 1404 6
434 1361 495 1404 ἔτι
542 1363 589 1404 δὲ
635 1362 810 1415 πλείους
859 1361 1099 1415 ἀφίσταντο
1150 1366 1236 1405 τῶν
1288 1363 1642 1414 παραθαλαττίων
1693 1376 1814 1405 κατα-

258 1434 550 1485 πεπληγμέναι
589 1434 665 1475 τὸν
708 1437 794 1475 τῶν
840 1434 1139 1485 Καρχηδονίων
1187 1434 1366 1486 στόλον;
1411 1435 1452 1486 5,
1475 1434 1550 1494 84a
1568 1434 1596 1476 6
1627 1435 1705 1485 τὴν
1735 1435 1815 1486 γὰρ

259 1504 400 1557 ὀσμὴν
432 1506 499 1547 καὶ
530 1506 684 1557 φωνὴν
714 1504 766 1547 οὐ
789 1505 990 1556 μένουσιν
1023 1505 1080 1557 (οἱ
1111 1505 1280 1557 Λιβυκοὶ
1312 1503 1574 1559 ἐλέφαντες),
1606 1505 1716 1548 ἀλλὰ
1747 1506 1815 1548 καὶ

259 1576 655 1626 καταπεπληγμένοι
699 1576 749 1617 τὸ
794 1575 971 1626 μέγεθος
1016 1577 1083 1617 καὶ
1126 1576 1204 1626 τὴν
1247 1575 1425 1626 δύναμιν
1470 1607 1480 1617 .
1522 1607 1532 1618 .
1578 1575 1815 1628 φεύγουσιν

304 1680 312 1688 .
345 1679 354 1688 .
387 1647 490 1697 τοὺς
521 1645 720 1697 Ἰνδικοὺς
752 1646 1006 1698 ἐλέφαντας.
1035 1693 1038 1696 ‚
1070 1646 1246 1689 Praeter
1288 1645 1395 1689 duos
1432 1646 1547 1688 locos
1589 1648 1649 1700 (1,
1674 1647 1742 1699 76,
1765 1647 1817 1699 63-

258 1717 299 1769 5,
326 1718 423 1768 101,
446 1716 492 1767 9)
513 1728 681 1771 semper
702 1716 743 1757 vi
771 1716 994 1759 transitiva
1016 1716 1267 1758 instructum
1291 1721 1506 1771 comparet
1528 1716 1815 1772 adsciscitque

258 1787 563 1839 accusativum,
609 1799 703 1828 cum
747 1778 1100 1838 ἐκπεπληγμένος
1134 1787 1201 1840 10,
1224 1787 1295 1840 32,
1318 1787 1345 1828 6
1383 1792 1426 1828 et
1469 1789 1535 1842 11,
1560 1788 1631 1841 30,
1653 1789 1680 1829 2
1721 1801 1814 1829 cum

259 1856 575 1913 praepositione
607 1857 717 1913 πρός
750 1871 785 1900 c.
810 1870 901 1899 acc.
936 1858 1204 1911 coniunctum
1236 1857 1304 1900 sit.
1369 1857 1546 1901 Generis
1567 1857 1695 1901 medii
1718 1863 1816 1901 sunt

258 1929 299 1981 2,
326 1928 439 1981 18,1
476 1932 518 1970 et
553 1928 621 1980 15,
645 1929 715 1981 22,
742 1930 779 1980 1,
824 1934 869 1969 ut
907 1928 965 1970 ibi
1005 1929 1412 1980 καταπεπληγμένος
1452 1928 1668 1982 significet.
1705 1941 1814 1979 enm,

259 1998 330 2052 qui
371 2003 574 2041 terrorem
614 1998 760 2042 iniecit
804 1998 944 2041 alicui.
1009 1998 1213 2052 Reliquos
1250 1998 1367 2041 locos
1408 1999 1597 2042 invenies
1637 1999 1679 2040 in
1720 2013 1815 2041 con-

258 2074 420 2123 spectu.
486 2069 617 2111 Multo
651 2069 786 2111 rarior
819 2074 884 2111 est
915 2069 1188 2121 indicativus,
1223 2070 1341 2111 cuius
1372 2082 1455 2111 una
1487 2069 1624 2110 forma
1646 2070 1816 2111 κατεπέ-

258 2141 420 2191 πληκτο
452 2140 659 2183 occnrrit:
692 2139 732 2190 3,
759 2140 830 2193 61,
854 2141 882 2182 4
914 2140 1121 2192 ἐθαύμαζε
1154 2141 1221 2183 καὶ
1253 2140 1569 2192 κατεπέπληκτο
1600 2141 1678 2192 τήν
1703 2140 1816 2191 ’ὅλην

258 2211 475 2264 ἐπιβολήν,
508 2215 732 2266 praeterea
765 2211 805 2263 3,
829 2211 899 2263 61,
924 2211 972 2262 6ς
1022 2210 1063 2264 3,
1087 2211 1158 2262 92,
1181 2211 1230 2262 33
1282 2211 1349 2265 10,
1374 2210 1479 2265 7,2;
1511 2223 1608 2253 nam
1641 2211 1816 2254 καταπέ-

258 2284 452 2333 πληκται,
497 2281 611 2337 qnod
651 2281 759 2337 legis
794 2283 861 2333 12,
885 2279 981 2336 26⁶,
1009 2285 1045 2334 1,
1093 2296 1236 2332 verum
1270 2282 1509 2338 perfectum
1532 2286 1605 2325 -est
1649 2283 1816 2336 generis

258 2352 430 2395 mediit·
469 2353 680 2413 (Τίμαιος)
727 2385 736 2395 .
775 2354 926 2412 ογτοὺς
976 2354 1052 2405 μὲν
1099 2354 1290 2406 πολλοὺς
1338 2348 1679 2404 καταπέπληκται
1713 2355 1821 2406 ’τοῖς

258 2424 419 2475 λόγοις.
483 2424 729 2468 Infinitivns
751 2429 893 2467 exstat
929 2427 965 2477 1,
988 2425 1059 2478 63,
1085 2426 1108 2467 7
1143 2424 1256 2467 ὥστε
1290 2456 1299 2466 .
1335 2457 1344 2466 .
1379 2456 1388 2466 .
1421 2424 1707 2474 ἐκπεπλῆχθαι
1739 2425 1816 2474 τὴν

257 2495 502 2547 ὑπερβολὴν
527 2497 634 2545 Ἰτῶν
663 2495 878 2547 ,πράξεων
921 2500 964 2538 et
1016 2495 1146 2548 10„6‚
1173 2497 1220 2547 13
1252 2497 1335 2548 11,
1359 2494 1431 2548 32,
1453 2494 1495 2536 5.
1573 2492 1815 2537 Perfectum

258 2565 668 2609 ἀποδεδειλίακα
693 2579 776 2615 non
798 2565 949 2608 differt
979 2580 1006 2607 a
1029 2570 1251 2620 praesente
1289 2569 1324 2617 1,
1355 2565 1419 2616 15,
1441 2566 1488 2606 4:
1522 2563 1589 2605 διὸ
1619 2565 1687 2606 καὶ
1719 2575 1817 2607 συν-

257 2638 563 2696 θεωρήσαντας
608 2637 711 2689 τοὺς
750 2636 1015 2688 ἡγουμένους
1057 2636 1200 2678 αὐτῶν
1242 2636 1285 2688 (i.
1309 2649 1345 2678 e.
1378 2637 1466 2677 τῶν
1499 2635 1826 2687 Καρχηδονίων)

257 2707 660 2763 ἀποδεδειλιακότας
692 2708 794 2763 τοὺς
821 2707 980 2760 ὄχλους
1004 2707 1320 2760 βουλεύσασθαι
1346 2739 1354 2748 .
1380 2739 1388 2748 .
1415 2738 1423 2747 .
1476 2706 1627 2749 ,Etiam
1661 2705 1817 2749 clarius

258 2778 496 2834 praesentis
534 2779 599 2821 vis
639 2778 779 2821 elucet
812 2791 865 2820 ex
899 2779 1040 2821 verbis
1077 2781 1112 2831 1,
1142 2779 1208 2831 15,
1233 2779 1254 2821 7
1292 2811 1301 2820 .
1337 2810 1346 2819 .
1381 2810 1390 2819 .
1424 2777 1605 2829 τούτους
1637 2777 1816 2830 φεύγον-

257 2863 334 2900 τας
367 2850 433 2892 καὶ
467 2882 476 2890 .
576 2850 964 2902 πολιορκουμένους
996 2851 1063 2898 καὶ
1094 2851 1188 2901 ταῖς
1221 2850 1380 2901 ψυχαῖς
1412 2848 1813 2901 ,ἀποδεδειλιακότας
