2074 3320
813 148 1046 194 ..33-

156 284 225 316 ex
245 271 438 328 quibus
443 273 668 327 utriusque
698 272 875 326 formae
919 272 1131 329 exempla
1151 271 1258 328 inde
1297 286 1324 315 a
1355 271 1430 326 IV.
1450 285 1518 314 a
1524 269 1633 315 Chr.
1651 283 1707 316 ..n

156 319 349 396 saeculo
346 356 513 399 usque
510 343 580 387 ad
612 344 704 387 ΙΙΙ.
723 357 764 400 p.
788 342 898 386 Chr.
929 356 971 396 n.
1003 343 1233 398 congessit
1235 343 1551 399 Dittenberger
1581 342 1707 399 Syll.
1692 344 1709 370 ²

156 413 264 457 ind..
288 428 331 471 p.
363 415 465 465 351,
513 415 571 458 cf.
616 413 774 458 ibidem
820 429 862 471 p.
907 414 1007 457 235.
1068 413 1274 460 Similiter
1319 427 1418 458 usus
1449 413 1710 470 Polybianus

158 484 345 545 fluctuat
383 485 493 529 inter
530 486 703 538 ἔκτημαι
734 486 776 536 5,
794 485 864 540 87,
881 486 910 528 3
942 485 1202 540 (ἐκτῆσθαι);
1237 485 1319 539 18
1338 486 1419 539 7,1
1454 485 1708 538 (ἑπέκτηται)

155 555 227 610 36,
244 542 286 610 9,
302 556 331 598 5
364 557 675 609 (κατεκτῆσθαι)
698 560 741 599 et
763 557 960 608 κέκτημαι
990 556 1121 609 3,19,
1137 555 1164 597 9
1197 517 1505 610 (κᾶτημένοςῂ
1539 556 1582 610 9,
1599 557 1664 609 10,
1681 556 1704 598 7

156 627 492 692 (κεκτημένους).
556 626 650 679 Qua
691 627 733 669 in
777 641 821 670 re
860 626 1005 677 hiatus
1042 627 1151 670 ratio
1191 640 1274 670 non
1312 626 1495 675 valuisse
1526 626 1707 681 videtur,

156 698 237 740 nisi
269 698 381 741 forte
413 699 592 752 9‚10,.7
632 697 730 741 ideo
761 699 1008 754 scriptorem
1040 702 1136 753 post
1167 697 1396 749 τάλλότρια
1427 702 1553 753 putas
1582 711 1707 754 posu-

155 766 240 811 isse
270 769 587 821 κεκτημένους
630 767 791 811 Eadem
824 781 909 823 qua
941 767 1072 811 Attici
1105 768 1344 827 constantia
1366 768 1570 825 Polybius
1600 767 1708 822 dicit

156 839 369 891 ἔκτισμαι.

294 911 443 971 Verbi
465 887 603 962 λέγειν
644 911 750 967 perh
792 924 906 966 pass.
939 911 1136 962 λέλεγμαι
1175 924 1202 953 a
1240 910 1446 966 scriptore
1477 924 1560 953 non
1591 923 1706 955 usur-

156 986 280 1036 patur
323 982 402 1025 nisi
446 982 489 1024 in
535 982 793 1037 compositis,
841 994 1015 1035 quorum
1062 981 1179 1023 notio
1222 986 1286 1024 est
1333 980 1573 1035 deligendi.
1638 982 1705 1024 Ita

155 1052 340 1094 occurrit
369 1053 412 1101 4,
434 1052 501 1103 16,
519 1052 547 1094 6
568 1052 903 1103 ἑπιλελεγμένων
924 1057 967 1094 et
988 1052 1030 1105 5,
1050 1050 1118 1101 79,
1136 1052 1164 1092 4
1186 1051 1298 1103 ἦσαν
1320 1074 1376 1082 -
1398 1052 1702 1103 ἑκλελεγμένοι.

157 1120 317 1164 Eodem
349 1135 473 1172 sensu
505 1121 760 1165 adhibentur
792 1122 1114 1174 ἑπειλεγμένους
1146 1122 1187 1174 6,
1206 1123 1332 1174 21,,1,
1364 1122 1399 1164 si
1431 1121 1557 1177 modo
1588 1127 1706 1165 recte

157 1205 210 1234 ex
243 1184 584 1250 discrepantibus
615 1191 809 1244 codicum
840 1192 1060 1248 scripturis
1092 1191 1202 1246 hanc
1228 1191 1406 1234 formam
1429 1191 1706 1239 Casaubonus

157 1263 352 1305 restituit.
416 1263 648 1317 Utrumque
680 1263 914 1318 perfectum
958 1253 1041 1305 iam
1074 1262 1206 1310 Attici
1246 1263 1500 1316 miscebant:
1546 1263 1705 1316 ἐκλελέ-

155 1336 252 1386 χθαι
268 1333 377 1376 Χιιι.
397 1333 505 1376 Hell.
529 1335 567 1388 1,
584 1334 627 1388 6,
648 1334 700 1376 16
708 1348 717 1383 ;
731 1334 1054 1386 «ἐπιλελεγμένοι
1069 1333 1168 1375 ἐστέ
1186 1333 1286 1388 Cyr.
1303 1334 1345 1386 3,
1362 1333 1403 1386 3,
1421 1334 1499 1387 413
1521 1334 1705 1386 ἐπειλεγ-

156 1405 275 1457 μένοι
320 1405 450 1447 Isocr.
489 1406 531 1457 4,
558 1405 652 1447 146.
725 1405 963 1447 Perfectum
1011 1405 1129 1447 verbi
1178 1405 1447 1455 διαλέγεσθαι
1494 1410 1536 1448 et
1584 1405 1699 1461 apud

156 1475 325 1518 Atticos
356 1479 398 1517 et
429 1475 543 1530 apud
566 1475 789 1530 Polybium
820 1479 884 1518 est
906 1476 1135 1527 διείλεγμαι
1164 1475 1406 1527 (διειλέχθαι
1437 1475 1507 1528 21,
1525 1475 1707 1529 23,13).·

157 1545 204 1588 Si
244 1547 356 1596 λέγω
393 1546 508 1588 valet
553 1544 720 1600 „dico“,
767 1558 935 1600 semper
974 1545 1138 1597 εἴρημαι
1178 1545 1358 1600 perfecti
1397 1557 1572 1588 munere
1610 1546 1704 1589 fun·

156 1616 283 1671 gitur,
315 1629 541 1671 numquam
574 1616 784 1668 λέλεγμαι.

304 1687 351 1729 Β.
377 1687 676 1732 Transeuntes
719 1686 775 1728 ad
806 1667 1095 1742 augmentum
1121 1669 1299 1742 primum
1333 1688 1462 1729 verba
1494 1687 1703 1741 faciamus

156 1756 216 1800 de
248 1757 520 1813 temporali
556 1756 669 1812 quod
702 1735 848 1800 dicunt
879 1761 1166 1813 augmento.
1219 1757 1256 1800 E
1288 1757 1428 1800 verbis
1459 1771 1485 1800 a
1515 1757 1700 1814 simplici

159 1828 299 1870 vocali
328 1828 631 1883 incipientibus
660 1833 808 1870 notatu
840 1827 1014 1881 dignum
1046 1832 1110 1869 est
1140 1827 1372 1869 ἀναλίσκω.
1435 1827 1566 1870 Οιιίιιι
1595 1841 1704 1883 aug-

156 1904 341 1942 mentum
372 1898 445 1951 32,
461 1898 578 1953 3,15
614 1897 900 1953 καταναλώκει
937 1897 1135 1946 οιιιίιιιιιιι
1173 1902 1239 1941 est
1278 1903 1429 1942 contra
1467 1899 1705 1943 Atticorum

157 1969 523 2012 consuetudinem:
564 1969 620 2011 cf.
653 1969 807 2012 Moeris
837 1983 879 2024 p.
901 1970 958 2011 23
989 1969 1267 2020 ἀνηλωμένον
1298 1968 1509 2023 Ἀττικῶς,
1540 1968 1705 2023 ἀναλω·

157 2039 286 2091 μένον
318 2038 589 2095 Ἑλληνικῶς,
622 2038 930 2082 Meisterhans³
962 2029 1002 2094 p.
1029 2039 1124 2092 173,
1159 2039 1459 2094 Dittenberger
1479 2039 1584 2095 Syll.
1616 2039 1703 2082 ind.

156 2123 198 2165 p.
219 2109 318 2152 335.
382 2109 618 2162 Verborum
662 2122 771 2163 quae
798 2124 837 2152 a
881 2109 1158 2165 diphthongis
1201 2123 1256 2163 αι,
1301 2123 1369 2163 αυ,
1413 2123 1454 2151 οι
1497 2110 1704 2165 incipiunt

155 2179 288 2236 probo
328 2179 499 2234 linguae
530 2180 622 2223 usui
655 2180 956 2223 convenienter
988 2179 1147 2234 ubique
1176 2180 1363 2236 priorem¹
1389 2179 1579 2222 vocalem
1610 2193 1703 2235 pro-

156 2250 279 2293 duxit
305 2250 522 2305 Polybius,
554 2255 601 2292 ut
631 2263 798 2306 semper
828 2250 948 2304 legas
979 2251 1218 2309 ᾑτιαμένος,
1259 2249 1575 2303 ηὐτομοληκώς,
1607 2252 1702 2305 διῳ-

159 2322 353 2374 κημένος.
416 2320 573 2363 Contra
595 2320 885 2376 diphthongus
905 2333 953 2363 ευ
976 2324 1202 2375 augmento
1223 2333 1305 2362 non
1328 2319 1545 2361 instruitur
1564 2331 1701 2373 neque

159 2392 202 2435 in
233 2391 373 2435 verbis
418 2380 680 2447 simplicibus
715 2385 852 2446 neque
898 2391 1053 2445 ineis,
1100 2403 1209 2445 quae
1244 2386 1447 2433 adverbio
1492 2388 1540 2432 εὖ
1587 2402 1702 2432 ιοιιι-

155 2462 304 2519 posita¹
326 2465 445 2506 sunt:
493 2461 675 2515 εὑρίσκω
709 2462 732 2505 7
765 2462 872 2505 loeis
914 2456 1142 2517 augmento
1179 2465 1296 2515 earet
1338 2459 1613 2515 similiterque
1658 2460 1703 2503 in

156 2534 298 2578 verbis
338 2533 565 2586 διευτυχέω
605 2537 648 2576 et
687 2532 929 2585 διευκρινέω
961 2528 1165 2575 retinetur
1195 2545 1256 2574 ευ.
1318 2529 1540 2587 Simplicia
1570 2531 1702 2576 verba

156 2605 308 2657 Attici,
333 2602 562 2647 secundum
606 2603 764 2656 titulos,
809 2615 983 2657 quorum
1028 2601 1110 2645 hac
1152 2602 1195 2644 in
1235 2614 1280 2644 re
1318 2600 1457 2657 potior
1493 2592 1607 2645 fides
1637 2606 1703 2646 est

159 2689 283 2730 quam
316 2667 515 2718 librorum
547 2687 674 2716 manu
706 2665 971 2729 scriptorum,
1003 2685 1169 2727 semper
1189 2661 1416 2726 augmento
1438 2673 1704 2716 instruebant

157 2745 484 2801 (Meisterhans⁸
514 2758 557 2802 p.
582 2744 696 2799 171),
730 2756 823 2786 cum
856 2748 994 2791 tamen
1027 2740 1290 2803 εὐεργέτηκα,
1322 2741 1532 2799 ευτύχηκα
1563 2756 1616 2786 ne
1646 2744 1701 2787 ab

156 2815 320 2860 illorum
359 2815 547 2882 quidem
565 2827 642 2858 usu
681 2813 958 2857 abhorreant.
1009 2813 1235 2867 ηὑρηκέναι
1273 2811 1388 2868 quod
1426 2812 1541 2870 apud
1579 2814 1702 2870 Poly-

156 2887 268 2938 bium
300 2887 345 2939 8,
359 2887 430 2939 26,
451 2887 499 2930 11
525 2884 720 2941 traditur,
751 2889 1023 2942 augmentum
1045 2883 1126 2941 hoc
1157 2884 1251 2929 loco
1272 2897 1340 2929 res
1361 2898 1459 2932 rara
1479 2889 1544 2929 est
1565 2898 1717 2944 aeque
