2074 3320
801 845 1136 899 Praefatio.

268 964 270 966 ’
335 965 621 1008 Vetustiorum
653 977 791 1009 rerum
823 964 1073 1021 scriptorum
1106 964 1364 1008 Graecorum
1402 977 1537 1019 genus
1567 962 1737 1007 dicendi

193 1038 228 1080 si
261 1037 354 1091 quis
401 1038 712 1092 comparaverit
755 1049 850 1079 cum
882 1036 1134 1091 Polybiano,
1180 1036 1309 1079 facile
1351 1035 1549 1079 inveniet.
1569 1040 1613 1077 et
1643 1035 1738 1077 aliis

192 1109 318 1152 rebus
341 1106 744 1163 Megalopolitanum
775 1106 976 1150 recedere
1008 1107 1062 1150 ab
1084 1107 1248 1150 illorum
1275 1105 1462 1149 dictione
1485 1111 1528 1149 et
1559 1105 1737 1162 perfecti

192 1189 268 1222 usu
312 1178 443 1221 multo
487 1178 694 1220 uberiore.
758 1177 881 1233 Apud
916 1177 1175 1219 Herodotum
1220 1178 1329 1220 enim
1374 1190 1468 1219 cum
1500 1177 1735 1232 perfectum

193 1250 375 1293 omnium
408 1253 639 1304 temporum
672 1249 807 1291 faciat
836 1249 990 1303 6,6⁰so‚
1023 1248 1136 1304 apud
1169 1247 1467 1303 Thucydidem
1498 1248 1590 1302 6⁰lo
1605 1250 1650 1300 ¹),
1694 1248 1737 1289 in

193 1318 490 1376 Xenophontis
522 1319 754 1363 Hellenicis
783 1319 965 1375 5,75⁰s0,
997 1320 1039 1362 in
1062 1319 1228 1375 Polybii
1261 1332 1389 1375 opere
1421 1318 1534 1373 quod
1567 1317 1737 1373 quidem

191 1391 315 1434 huius
336 1391 395 1433 rei
419 1404 548 1434 causa
569 1390 909 1446 investigaverim
934 1390 1079 1443 (libros
1100 1391 1145 1433 ΙΙ
1167 1395 1209 1433 et
1230 1390 1314 1443 ΙΙΙ)
1340 1390 1531 1445 10,3ἒ’>0[0
1553 1390 1737 1433 omnium

192 1463 413 1505 verborum
458 1463 500 1503 in
544 1461 780 1517 perfectum
825 1460 995 1504 cadunt.
1059 1461 1177 1512 Quae
1221 1475 1314 1504 cum
1359 1461 1421 1504 ita
1452 1465 1606 1516 essent,
1654 1474 1737 1503 non

191 1533 373 1575 alienum
406 1532 507 1574 mihi
539 1532 765 1575 videbatur
807 1533 1048 1575 accuratius
1088 1533 1298 1587 inquirere
1329 1534 1371 1574 in
1406 1531 1585 1588 perfecti
1616 1544 1736 1574 usum

192 1603 486 1659 Polybianum.
550 1602 643 1654 Qua
674 1603 716 1645 in
760 1616 805 1645 re
849 1616 1046 1658 magnum
1081 1600 1173 1660 cepi
1216 1616 1333 1646 usum
1366 1616 1419 1646 ex
1450 1602 1593 1646 subtili
1626 1615 1737 1645 com-

191 1674 448 1717 mentatione
481 1674 530 1715 F.
554 1673 765 1716 Hultschii
797 1674 1002 1728 inscripta
1036 1674 1143 1728 „Die
1175 1673 1455 1716 erzahlenden
1478 1672 1736 1715 Zeitformen

192 1745 259 1787 bei
291 1743 521 1800 Polybius“
557 1743 914 1799 (Abhandlungen
948 1743 1023 1786 der
1047 1744 1145 1798 Kgl.
1169 1743 1319 1787 Sachs.
1344 1743 1631 1787 Gesellschaft
1661 1743 1738 1786 der

191 1814 555 1857 Wissenschaften
581 1815 708 1868 1892,
733 1813 876 1870 1893).
925 1815 1058 1857 Huius
1085 1815 1451 1857 commentationis
1472 1813 1739 1870 respicienda

192 1890 284 1928 erat
315 1885 518 1940 imprimis
550 1898 600 1927 ea
633 1898 732 1940 pars
764 1898 872 1939 quae
904 1892 968 1927 est
997 1885 1051 1928 de
1090 1886 1519 1941 plusquamperfecto.
1588 1885 1738 1939 Neque

190 1956 359 2010 neglexi
391 1955 594 1999 disiectas
626 1955 679 1997 de
721 1957 911 2011 perfecto
950 1956 1339 1999 animadversiones
1371 1958 1552 1999 virorum
1591 1958 1662 2010 qui
1695 1958 1737 1998 in

190 2026 429 2068 universum
462 2031 639 2081 egerunt
671 2025 725 2068 de
757 2038 913 2081 genere
945 2026 1114 2069 dicendi
1147 2027 1329 2082 Polybii‚
1361 2031 1408 2068 ut
1429 2026 1640 2069 Stichius:
1674 2027 1739 2070 De

191 2097 358 2153 Polybii
406 2097 573 2140 dicendi
622 2111 778 2153 genere
825 2100 1006 2150 (=acta
1037 2112 1138 2142 sem.
1172 2098 1275 2154 phil.
1309 2098 1481 2153 Erlang.
1516 2099 1571 2140 ΙΙ.
1609 2098 1738 2151 1881)

191 2173 233 2210 et
267 2168 471 2211 Kaelker:
521 2168 799 2220 Quaestiones
847 2168 900 2211 de
947 2169 1184 2212 elocutione
1228 2169 1464 2223 Polybiana
1504 2172 1570 2221 (=
1591 2169 1737 2224 Leipz.

190 2237 368 2280 Studien
406 2239 517 2280 1880
548 2239 631 2281 vol.
666 2239 743 2281 ΙΙΙ.
777 2253 817 2294 p.
841 2239 1106 2292 219—302).
1170 2240 1217 2281 In
1265 2246 1384 2295 parte
1428 2252 1538 2293 quae
1583 2244 1647 2282 est
1685 2239 1739 2282 de

191 2309 371 2363 perfecti
403 2309 549 2352 formis
592 2323 758 2364 semper
798 2310 974 2352 adhibui
1023 2309 1153 2353 libros
1185 2312 1366 2352 virorum
1400 2310 1620 2352 doctorum
1669 2311 1738 2364 qui

190 2379 412 2421 verborum
457 2380 615 2422 formas
646 2381 687 2421 in
732 2380 865 2423 titulis
908 2386 951 2423 et
995 2380 1154 2423 chartis
1197 2386 1415 2423 exstantes
1447 2386 1736 2423 excusserunt.

191 2449 256 2490 W.
290 2449 496 2492 Schmidii
541 2463 707 2504 quoque
752 2451 859 2492 liber
890 2451 961 2504 qui
994 2451 1237 2493 inscribitur
1271 2451 1385 2505 „Der
1416 2451 1665 2493 Atticismus
1695 2451 1738 2492 in

191 2518 337 2561 seinen
351 2519 756 2575 Hauptvertretern“
778 2521 948 2576 saepius
966 2520 1188 2564 adeundus
1205 2527 1310 2564 erat.
1335 2521 1523 2576 Egregia
1537 2521 1738 2563 Wacker-

189 2588 346 2643 nagelii
376 2589 620 2634 dissertatio
646 2590 850 2647 „Studien
873 2605 964 2634 zum
986 2591 1283 2647 griechischen
1310 2591 1584 2635 Perfektum“
1619 2591 1737 2644 (Got-

334 2706 367 2749 1)
394 2706 465 2742 His
478 2709 844 2754 computationibus
859 2711 1064 2745 materiam
1084 2710 1360 2755 praebuerunt
1373 2709 1617 2746 Schlachteri
1636 2719 1739 2745 com-

189 2764 454 2801 mentationes
473 2766 596 2802 duae:
626 2766 896 2811 „Sta-tistische
916 2768 1282 2814 Untersuchungen
1299 2769 1402 2804 iiber
1427 2768 1503 2803 den
1523 2767 1738 2803 Gebrauch

190 2821 262 2856 der
298 2821 498 2868 Tempora
540 2826 620 2860 und
652 2826 779 2861 Modi“
821 2828 995 2863 insertae
1032 2828 1121 2862 libri
1159 2828 1227 2872 qui
1265 2827 1495 2862 inscribitur
1527 2826 1739 2873 „lndoger·

191 2879 393 2916 manische
418 2881 729 2932 Forschungen“
760 2885 849 2922 voll.
876 2885 922 2922 23
947 2890 987 2922 et
1011 2886 1068 2923 24.
