2074 3320
320 268 533 311 Ouius‘rei
556 269 661 312 satis
684 273 810 311 notae
833 268 1029 323 exempla
1053 268 1205 311 afferre
1227 266 1498 324 supersedeo.
1564 268 1612 310 In
1636 267 1876 324 'pedestrem

319 340 554 383 orationem
596 338 708 382 haud
749 339 880 382 multa
919 339 1174 382 transierunt
1218 343 1264 382 ut
1285 340 1474 392 -πέφυκα
1509 340 1692 391 τέθνηκα
1722 340 1880 392 ἕστηκα

319 409 478 462 λέληθα
510 408 608 452 οῖδα
639 409 738 463 alia,
777 422 886 463 quae
918 421 1042 452 nemo
1073 422 1156 452 non
1181 410 1322 452 novit.
1385 407 1570 461 Quorum
1590 410 1880 453 usitatissima

318 481 362 523 in
397 480 564 536 Polybii
603 492 772 535 quoque
803 480 975 537 seriptis
1013 486 1253 535 occurrunt,
1293 493 1432 536 neque
1471 484 1597 534 esset,
1646 493 1720 523 eur
1758 479 1880 524 huius

320 552 381 594 rei
414 552 572 594 mentio
603 550 745 604 fieret,
776 551 858 595 nisi
891 552 1074 608 scriptor
1105 551 1160 594 ad
1193 551 1399 595 eiusmodi
1431 551 1878 607 perfectorum'exem'·

319 621 433 678 plum
472 622 557 665 alia
596 621 905 679 adaptavisset‚
944 633 1054 678 quae
1093 624 1134 666 in
1180 617 1322 680 priore
1362 623 1599 679 graecitate
1643 622 1880 679 praesentis

320 695 362 736 vi
410 694 615 736 instructa
663 700 738 736 aut
785 694 955 737 omnino
1001 707 1086 736 non
1131 701 1205 737 aut
1248 695 1384 737 rarius
1427 698 1664 737 occurrunt.
1727 692 1880 737 Omnia

320 763 524 820 perfecta⁴
545 763 783 820 Polybiana
816 763 899 808 hue
920 765 1161 821 spectantia
1182 763 1406 822 disponam
1429 765 1470 808 in
1493 764 1678 820 quinque
1699 768 1876 818 genera:

322 890 360 930 1.
394 887 580 937 Verba,
614 887 809 942 quibus
841 889 1173 944 exprimitur,
1208 901 1301 942 quo
1325 888 1436 942 quis
1466 887 1582 931 loeo
1608 899 1659 930 se
1690 885 1880 929 habeat

779 960 862 1001 vel
894 959 946 1001 in
979 972 1076 1013 qua
1107 959 1435 1001 condicione.

467 1047 533 1091 Ad
580 1047 693 1103 quod
741 1046 1074 1105 significandum
1123 1049 1299 1103 vulgata
1342 1052 1439 1093 sunt
1485 1048 1679 1106 perfecta
1722 1048 1879 1100 ἕστηκα

318 1110 506 1171 κάθημαι
538 1120 744 1171 κρέμαμαι
765 1119 978 1171 πέπταμαι
1001 1121 1141 1162 omnia
1163 1119 1277 1175 apud
1301 1119 1523 1176 Polybium
1547 1132 1715 1175 quoque
1737 1119 1877 1162 obvia.

321 1189 689 1243 Quemadmodum
735 1189 844 1234 haee
886 1190 928 1233 in
975 1191 1260 1247 praesentium
1305 1191 1567 1247 provinciam
1610 1191 1878 1243 transierunt,

318 1262 390 1304 ita·
412 1262 721 1314 τέτραμμαι,
754 1274 837 1315 quo
869 1262 1017 1304 crebro
1049 1262 1230 1316 scriptor
1261 1262 1445 1304 locorum
1478 1262 1601 1303 situm
1635 1260 1880 1304 describens

320 1331 425 1375 meri
459 1332 698 1387 praesentis
729 1331 822 1374 loeo
855 1332 986 1373 utitur
1018 1331 1292 1386 significante
1322 1335 1530 1386 „vergo‘st
1594 1332 1662 1373 Ita
1692 1332 1736 1384 4,
1760 1332 1829 1385 77,
1853 1331 1878 1374 8

319 1401 574 1455 Τριφυλίαν,
607 1403 633 1453 ἣ
659 1434 667 1443 .
694 1434 702 1443 .
728 1434 737 1443 .
760 1402 988 1454 τέτραπται
1021 1401 1058 1444 δ’
1092 1402 1152 1459 εἰς
1184 1403 1234 1444 τὸ
1267 1402 1446 1454 Λιβυκὸν
1479 1403 1690 1455 πέλαγος,
1724 1403 1763 1456 7,
1787 1403 1827 1455 6,
1854 1403 1874 1444 1

321 1474 347 1525 ἡ
379 1473 461 1525 γὰρ
492 1477 579 1515 τῶν
611 1472 851 1516 Λεοντίνων
882 1473 1007 1524 πόλις
1041 1507 1049 1515 .
1082 1506 1092 1515 .
1127 1506 1135 1515 .
1169 1474 1396 1525 τέτραπται
1439 1474 1550 1525 πρὸς
1581 1474 1658 1524 τὰς
1696 1473 1878 1525 ἄρκτους

320 1543 600 1597 similiterque
625 1545 662 1596 1,
685 1544 757 1593 42,
781 1544 833 1594 6;
869 1545 937 1596 10,
965 1545 1002 1595 1,
1026 1545 1066 1586 2.
1115 1543 1297 1598 Saepius
1319 1543 1441 1587 huius
1463 1544 1580 1586 verbi
1606 1543 1879 1600 participium

322 1614 495 1668 legitur:
548 1615 584 1661 1,
605 1614 676 1663 47,
698 1614 749 1666 23
798 1615 838 1661 2,
864 1615 931 1666 14,
954 1615 1001 1666 4,
1035 1615 1075 1667 5,
1103 1615 1170 1667 19,
1193 1616 1241 1667 53
1274 1615 1315 1667 5,
1338 1615 1410 1667 44,
1432 1615 1482 1666 9,
1516 1615 1557 1668 9,
1576 1615 1713 1668 27,5;
1747 1615 1878 1667 9,4l,

324 1687 388 1727 11.
436 1684 638 1728 Eiusdem
670 1686 839 1739 generis
861 1691 926 1728 est
949 1687 1222 1736 τέταγμαιε
1258 1688 1297 1731 1,
1319 1687 1389 1738 42,
1416 1688 1433 1726 1
1461 1687 1539 1736 τὴν
1574 1687 1649 1736 μὲν
1671 1686 1750 1728 οὖν
1772 1686 1878 1737 σύμ-

319 1767 470 1799 πασαν
484 1756 680 1798 Σικελίαν
701 1760 751 1812 τῇ
773 1757 890 1799 θέσει
912 1756 1108 1809 τετάχθαι
1127 1757 1347 1809 συμβαίνει
1370 1757 1479 1809 πρὸς
1501 1757 1578 1808 τὴν
1599 1755 1776 1800 Ἰταλίαν
1800 1789 1808 1799 .
1834 1789 1843 1799 .
1868 1789 1877 1800 .

319 1832 545 1883 praeterea
579 1829 617 1880 1,
640 1828 712 1881 55,
735 1828 786 1882 9;
819 1828 861 1880 4,
883 1828 955 1880 65,
985 1829 1054 1881 10,
1093 1829 1158 1878 10,
1186 1830 1222 1879 1,
1249 1829 1286 1870 7.
1351 1827 1475 1878 Quod
1508 1840 1602 1870 eum
1634 1828 1715 1870 nisi
1746 1829 1792 1870 in·
1820 1829 1879 1871 in-

320 1898 509 1941 dicativo
541 1911 625 1941 non
657 1897 896 1942 adhibitum
919 1899 991 1952 sit,
1024 1899 1238 1951 (τετάχθαι
1259 1898 1482 1951 συμβαίνει
1504 1910 1620 1941 more
1642 1897 1878 1954 Polybiano

319 1969 505 2025 positum
539 1974 604 2012 est
635 1983 712 2024 pro
750 1970 957 2022 τέτακται,
990 1969 1046 2012 of.
1070 1969 1189 2012 Stich
1225 1983 1264 2024 p.
1292 1969 1407 2021 184),
1440 1969 1573 2012 solum
1607 1966 1876 2024 participium

320 2039 542 2095 usurpavit
563 2040 745 2095 scriptor
767 2040 989 2082 verborum
1012 2041 1064 2082 κέ
1073 2042 1149 2081 κλι
1158 2054 1245 2090 μαι
1269 2041 1327 2093 (1,
1349 2040 1420 2092 42,
1443 2040 1490 2092 53
1514 2039 1555 2091 2,
1583 2039 1649 2093 14,
1672 2040 1722 2093 4,
1745 2040 1785 2094 2,
1812 2041 1878 2093 16,

324 2112 369 2163 1,
401 2111 442 2164 3,
465 2111 537 2164 47,
560 2110 608 2164 33
640 2112 684 2164 5,
706 2111 748 2164 3,
776 2112 850 2162 10,
884 2111 926 2164 5,
954 2111 1020 2164 19,
1043 2111 1091 2164 3,
1126 2111 1320 2164 5,30,4,
1356 2112 1426 2164 10,
1443 2111 1513 2162 32,
1535 2111 1577 2161 1)
1600 2115 1643 2152 et
1664 2110 1879 2162 ἐστραμ-

320 2195 409 2233 μαι
443 2184 502 2235 (1,
525 2182 671 2235 37,‘4;
713 2182 753 2234 2,
782 2181 848 2235 15,
871 2181 922 2235 8,
961 2183 1003 2234 5,
1026 2182 1171 2235 3,10;
1211 2182 1253 2234 5,
1276 2182 1318 2236 4,
1342 2182 1393 2235 2,
1424 2181 1560 2236 5,92,
1587 2181 1662 2236 10,
1693 2180 1735 2234 9,
1758 2181 1799 2235 8,
1821 2182 1877 2233 5).

321 2253 403 2295 Hic
448 2252 744 2295 collocandum
793 2257 859 2294 est
903 2253 1031 2294 etiam
1078 2253 1336 2294 πέπτωκα.
1399 2251 1601 2307 Legimus
1632 2252 1674 2306 3,
1696 2252 1817 2306 37,5
1854 2253 1879 2304 ἡ

321 2325 368 2367 δὲ
401 2324 530 2384 Λιβύη
563 2327 696 2367 κεῖται
728 2325 804 2376 μὲν
834 2324 987 2376 μεταξὺ
1012 2324 1165 2367 Νείλου
1197 2325 1264 2367 καὶ
1296 2326 1469 2375 στηλῶν
1498 2324 1770 2376 Ἡρακλείων,
1803 2325 1878 2365 τοῦ

320 2396 367 2437 δὲ
407 2396 683 2447 περιέχοντος
722 2395 944 2437 πέπτωκεν
983 2395 1067 2437 ὑπό
1104 2408 1148 2436 τε
1186 2395 1264 2445 τὴν
1301 2394 1563 2447 μεσημβρίαν
1593 2395 1661 2435 καὶ
1693 2394 1799 2435 κατὰ
1829 2394 1878 2436 τὸ

320 2466 500 2517 συνεχὲς
544 2465 630 2508 ὑπὸ
674 2465 752 2517 τὰς
793 2465 1030 2518 χειμερινὰς
1068 2465 1214 2516 δύσεις
1252 2465 1334 2516 ἕως
1372 2466 1448 2517 τῆς
1481 2464 1726 2518 ἰσημερινῆς
1757 2478 1877 2525 κατα-

319 2537 477 2589 φορᾶς,
517 2538 543 2588 ἣ
584 2537 725 2579 πίπτει
767 2535 857 2578 καθ’
892 2531 1166 2588 Ἡρακλείους
1206 2535 1381 2587 στήλας.
1444 2535 1581 2579 Nemo
1620 2547 1704 2577 non
1735 2536 1878 2597 statim

320 2606 543 2662 intelleget
583 2607 667 2650 tria
707 2599 915 2650 enuntiati
956 2607 1086 2649 verba
1119 2610 1249 2649 κεῖται
1281 2607 1504 2649 πέπτωκεν
1535 2607 1676 2648 πίπτει
1708 2605 1762 2649 ad
1781 2605 1878 2650 ¹loei

320 2678 445 2721 situm
479 2677 807 2721 describendum
831 2677 1026 2721 adhibita
1049 2679 1191 2721 omnia
1213 2682 1408 2734 spectare
1430 2675 1486 2720 ad
1510 2690 1722 2733 praesens.
1786 2677 1878 2729 Quo

320 2749 361 2790 in
396 2749 577 2805 perfecti
609 2750 812 2791 πέπτωκα
845 2762 919 2790 usu
943 2750 1134 2791 constitit
1155 2749 1236 2791 sibi
1257 2749 1439 2804 scriptor
1459 2749 1501 2799 3,
1524 2749 1597 2802 54,
1619 2749 1659 2790 2.
1722 2749 1878 2792 Narrat

320 2818 603 2863 Hannibalem
635 2819 842 2863 militibus
873 2819 1084 2863 confectis
1116 2818 1331 2862 laboribus
1362 2824 1406 2861 et
1428 2818 1692 2862 ⁴animoiam
1725 2818 1875 2862 defici·

321 2889 488 2933 entibus
533 2902 585 2933 ex
626 2888 795 2946 Alpium
840 2890 1050 2933 montibus
1095 2895 1329 2933 ostentasse
1376 2888 1542 2932 Italiam
1587 2889 1874 2933 subiacentem
