2074 3320
864 88 1001 134 -·‘13
1051 117 1091 124 -

197 215 424 268 ἀπέφηνεν
455 218 665 268 (Φιλινος)
680 219 732 268 ¹)
788 217 849 258 Et
881 216 1097 271 expressit
1121 217 1344 271 praesente
1375 212 1551 258 similem
1584 220 1746 257 senten·

201 287 303 330 tiam
341 289 376 338 1,
400 290 469 338 40,
492 291 539 331 ·:1
572 288 834 340 Ἀσδρούβας
869 289 985 341 ὁρῶν
1015 288 1349 338 ἀποδειλιῶντας
1381 287 1482 337 τοὺς
1514 285 1747 372 Ῥωμαίους

200 358 248 401 ἐν
277 362 371 410 ταῖς
401 360 783 411 προγεγενημέναις
813 360 1100 411 παρατάξεσιν
1130 391 1140 400 .
1175 390 1185 400 .
1219 390 1230 401 .

343 429 385 482 b)
420 429 578 472 Verba
630 429 932 472 confidendi
987 437 1037 472 et
1089 442 1216 484 quae
1267 428 1534 471 contraria
1585 427 1746 482 signi

202 499 381 544 ficant.
457 501 696 543 Perfectum
742 503 1073 544 πεπίστευκα
1119 500 1354 557 praesentis
1405 500 1445 541 vi
1497 500 1746 542 instructum

202 584 294 615 esse
341 572 499 614 monuit
546 571 735 614 Sticbius
777 587 819 628 p.
845 573 927 614 189
980 571 1178 627 exemplo
1220 585 1319 613 usus
1350 572 1392 624 5,
1415 572 1485 624 57,
1509 571 1535 613 8
1582 570 1746 621 πάντας

201 642 353 694 εὔνους
385 643 501 698 αὑτῷ
533 644 600 685 καὶ
630 644 966 695 πεπιστευκότας
997 644 1122 696 ἔχων.
1184 643 1263 686 Cui
1296 643 1390 685 loco
1421 639 1583 686 addere
1612 641 1749 697 potuit

205 716 270 766 11,
298 716 335 766 1,
357 714 385 756 5
418 714 624 766 Κλαύδιος
659 746 668 756 .
703 747 711 756 .
747 747 756 755 .
789 717 1012 766 περικερᾶν
1041 715 1143 765 τοὺς
1167 715 1447 765 ὑπεναντίους
1469 712 1547 755 οὐκ
1567 712 1747 754 ἐδύνατο

202 784 270 825 διὰ
305 785 388 835 >τὰς
427 785 703 836 προκειμένας
746 786 1002 837 δυσχωρίας,
1047 785 1114 836 αἶς
1151 785 1445 837 πεπιστευκὼς
1483 780 1746 839 Ἀσδρούβας

201 856 434 906 ἐποιήσατο
478 857 554 906 τὴν
585 856 653 898 ἐπὶ
683 857 736 898 τὰ
775 857 872 898 λαιὰ
903 859 989 898 τῶν
1029 857 1245 907 πολεμίων
1276 856 1454 907 ἔφοδον.
1517 854 1655 897 Etiam
1688 855 1745 895 in-

201 926 393 968 finitivus
414 927 844 969 καταπεπιστευκέναι
867 926 977 970 idem
1006 926 1096 969 fere
1117 927 1232 970 valet
1254 939 1306 969 ae
1328 939 1528 983 praesens
1549 925 1590 981 3,
1610 926 1679 977 ΝΟ,
1697 925 1744 967 3:

201 993 522 1045 πυνθανόμενος
555 1026 563 1034 .
600 1026 609 1035 .
644 1027 652 1034 .
686 995 762 1036 τὸν
800 995 1033 1045 Φλαμίνιον
1071 995 1314 1046 ὀχλοκόπον
1353 996 1427 1045 μὲν
1458 995 1526 1035 καὶ
1557 992 1747 1044 δημαγω-

200 1064 279 1113 γὸν
311 1062 416 1106 εἶναι
449 1064 611 1106 τέλειον
645 1097 652 1106 .
689 1098 698 1107 .
733 1097 741 1105 .
776 1067 884 1118 πρὸς
917 1067 963 1108 δὲ
993 1066 1161 1118 τούτοις
1193 1065 1622 1108 καταπεπιστευκὲναι
1654 1066 1746 1114 τοῖς

202 1136 429 1186 σφετέροις
462 1136 718 1187 πράγμασιν.
781 1137 929 1190 Neque
962 1143 1101 1179 tamen
1136 1137 1257 1178 huius
1290 1137 1405 1178 verbi
1440 1148 1640 1191 praesens
1661 1148 1747 1176 om-

201 1206 299 1247 nino
332 1205 579 1261 repudiasse
611 1208 857 1262 scriptorem
882 1208 1007 1251 docet
1028 1209 1070 1261 5,
1093 1208 1163 1259 62,
1181 1210 1222 1260 6,
1256 1221 1378 1261 quem
1403 1207 1538 1249 locum
1561 1204 1747 1248 Stichius

203 1276 365 1318 attulit:
399 1279 484 1319 τῶν
517 1279 562 1318 δὲ
596 1278 764 1320 πόλεων
797 1279 838 1319 αἱ
870 1280 975 1329 μὲν.
1013 1311 1020 1319 .
1056 1311 1065 1320 .
1089 1280 1406 1329 προσετίθεντο,
1439 1277 1481 1319 αἱ
1512 1277 1558 1318 δὲ
1579 1275 1746 1318 πιστεύ·

201 1358 327 1390 ουσαι
368 1351 460 1399 ταῖς
499 1353 787 1401 παρασκευαῖς
821 1382 830 1392 .
867 1383 875 1392 .
910 1383 919 1392 .
953 1351 1174 1400 ὑπέμενον.
1239 1347 1599 1400 Quemadmodum
1640 1347 1746 1389 noti-

202 1420 322 1460 onem
359 1419 597 1473 „confisus“
634 1421 825 1475 perfecto
857 1422 1078 1476 expressit,
1117 1422 1177 1463 ita
1208 1420 1262 1462 ad
1296 1418 1625 1474 significandam
1658 1431 1744 1460 rem

201 1490 454 1531 contrariam
499 1490 721 1544 „diffisus“
764 1491 951 1533 eiusdem
985 1492 1187 1546 temporis
1219 1492 1445 1545 participio
1478 1491 1608 1531 utitur
1639 1493 1745 1537 διη-

202 1560 467 1610 πιστηκώς
499 1561 540 1613 5,
560 1561 629 1607 61,
648 1562 675 1602 5
707 1563 982 1613 κατεγνωκὼς
1014 1564 1090 1604 τοῦ
1125 1562 1336 1614 βασιλέως
1368 1562 1435 1602 καὶ
1458 1559 1765 1611 διηπιστηκὼς”

201 1633 301 1681 τοῖς
333 1625 428 1681 περὶ
474 1632 551 1681 τὴν
588 1633 752 1682 αὐλήν.·
799 1631 1022 1682 Quo.loco
1054 1632 1385 1681 κατεγνωκὼς
1426 1643 1592 1684 quoque
1625 1643 1742 1684 prae·

201 1701 333 1743 sen-tis
373 1713 542 1744 inuuere
576 1702 769 1756 ¹fungitur
807 1703 1005 1756 valetque
1047 1702 1354 1758 „despiciens“.
1417 1703 1646 1744 Praeterea
1684 1701 1746 1742 ita
1776 1715 1779 1718 ·

202 1777 446 1826 usurpatum
463 1779 542 1813 >est
591 1775 627 1823 1,
655 1773 726 1825 23,
754 1774 821 1814 ὃς
849 1774 1006 1824 τελέως
1046 1773 1387 1824 ’κατεγνωκότες-
1410 1776 1496 1814 τῶν
1539 1769 1751 1814 ἐναντίων

202 1842 405 1893 ἐνέβαλον
427 1843 466 1884 οἱ
489 1846 648 1894 πρῶτοι
665 1845 868 1894 πλέοντες
887 1845 1204 1895 τετολμηκότως
1219 1850 1264 1885 et
1284 1845 1404 1894 5135,
1420 1843 1665 1895 1033132'7,
1678 1842 1759 1884 16:
1773 1844 1782 1903 J

201 1911 404 1954 Similiter
444 1914 681 1968 praesentis
714 1922 855 1970 partes
886 1915 978 1969 agit
1007 1914 1307 1967 τετύφωμαι
1339 1915 1379 1964 3,
1408 1914 1477 1966 81,
1512 1917 1554 1956 1:
1601 1913 1639 1955 εἴ
1683 1927 1745 1964 τις

201 1982 333 2024 οἴεται
365 2018 372 2026 .
398 2015 407 2024 .
433 2015 441 2024 .
475 1984 622 2033 ἀγνοεῖ
652 1986 725 2026 καὶ-
749 1985 999 2036 τετύφωται.

250 2108 291 2148 4.
325 2107 548 2163 Reliqua
580 2109 760 2161 verba,
794 2122 1004 2162 quorum
1036 2110 1284 2165 perfecta
1312 2116 1364 2151 ut
1396 2107 1695 2164 praesentia
1742 2127 1747 2142 ι

809 2185 1130 2236 usurpantur.

342 2269 507 2321 Agmen
540 2268 748 2310 claudant
774 2270 917 2311 variae
943 2270 1278 2324 significationis
1311 2270 1528 2312 verborum
1553 2260 1744 2323 perfecta

200 2336 255 2381 ad
305 2351 512 2394 praesens·
556 2340 808 2395 spectantia.
886 2341 1054 2383 initium
1109 2341 1317 2384 faciamus
1363 2355 1388 2382 a
1435 2339 1741 2390 συμβέβηκε.

203 2409 305 2451 Cum
349 2409 422 2450 alii
467 2415 554 2451 tum
596 2410 843 2452 Hultschius
874 2411 1024 2452 XIXl
1070 2424 1107 2467 p.
1134 2411 1230 2464 146,-
1270 2410 1439 2460 XlX'5,
1482 2408 1656 2451 XXXII
1691 2409 1745 2450 15

202 2478 362 2521 monuit
395 2479 562 2534 Pol-ybii
596 2492 833 2524 'sermonem
864 2482 1123 2536 saepissime·
1146 2495 1196 2524 eo
1234 2486 1448 2524 oneratum
1481 2492 1587 2532 esse,
1632 2479 1745 2532 quod

202 2561 278 2604 pro
315 2549 445 2591 verbo
476 2549 819 2605 simpliciutitur
851 2551 980 2594 verbo
1011 2552 1256 2604 συμβαίνειν
1286 2555 1486 2605 sequente
1517 2549 1745 2592 infinitivo.

201 2617 321 2670 Quae
351 2631 424 2661 res·
450 2620 535 2662 iam
569 2621 639 2665 lV-.
673 2627 717 2663 et
749 2622 826 2664 ΙΙΙ.
859 2635 971 2667 saec.
1004 2623 1054 2665 in.
1079 2622 1265 2676 lingnam
1297 2619 1508 2664 Graecam
1540 2620 1746 2664 invadere

202 2689 343 2746 coepit
388 2695 429 2732 et
458 2691 584 2745 :apud
624 2692 843 2748 Polybium
887 2698 930 2736 et
972 2694 1015 2735 in
1059 2693 1210 2735 litteris
1245 2692 1335 2734 eius
1371 2691 1528 2734 aetatis
1564 2690 1747 2735 firmiter
1775 2691 1777 2694 ’

308 2859 311 2860 ’
344 2843 385 2888 1)·
406 2843 455 2879 ef.
481 2834 837 2885 ἀποδεδειλιακύτως
862 2852 886 2877 a
906 2841 1073 2886 *Reli-uec
1096 2841 1130 2887 5,
1157 2839 1227 2877 12³
1251 2841 1616 2878 commemoratum.
1636 2836 1640 2850 ²
