2074 3320
916 136 1227 172 -76--

258 252 520 298 Timoxenus
564 255 711 310 copias
751 254 1023 297 Achaeorum
1071 260 1219 298 contra
1264 255 1408 300 hostes
1428 273 1432 277 ’
1451 256 1607 300 ducere
1628 274 1630 276 ’
1649 256 1817 300 dubitat

257 327 351 376 τοῖς
389 324 574 377 Ἀχαιοῖς
612 324 808 386 ἀπιστῶν
850 326 919 368 διὰ
950 326 1000 368 τὸ
1033 325 1232 381 ῥᾳθύμως
1265 326 1423 379 αὐτοὺς
1455 327 1680 380 ἐσχηκέναι
1711 327 1817 371 κατὰ

258 395 309 437 τὸ
340 396 480 447 παρὸν
511 397 605 447 περὶ
636 397 715 447 τὴν
760 396 808 437 ἐν
839 399 931 447 τοῖς
971 396 1123 448 ὅπλοις
1155 397 1408 449 γυμνασίαν.
1472 398 1572 453 Ipsa
1613 399 1817 454 temporis

212 506 214 508 .
261 465 474 521 appositio
505 466 612 508 κατὰ
643 467 694 508 τὸ
725 467 867 518 παρὸν
899 467 1026 509 aliam
1051 467 1378 522 explicationem
1412 481 1493 510 non
1516 466 1705 511 admittit
1736 468 1816 511 nisi

258 537 301 578 in
323 537 560 592 praesentis
583 537 666 578 vim
689 538 891 579 transisse
912 537 1151 588 ἐσχηκέναι.
1200 537 1321 589 Quod
1341 537 1618 580 confirmatur
1638 538 1680 591 9,
1698 539 1770 591 24,
1788 539 1815 580 2

259 607 537 658 περιστάσεσι
570 607 830 659 παραδόξοις
863 609 930 649 καὶ
962 609 1174 659 ποικίλαις
1205 609 1419 660 ἐχρήσατο
1450 610 1517 650 καὶ
1549 610 1692 660 φίλοις
1723 611 1815 659 τοῖς

257 675 436 727 ἔγγιστα
488 677 673 729 μεγάλας
726 677 933 730 ἐσχηκόσι
986 678 1199 730 διαφοράς
1219 681 1261 731 ¹).
1325 678 1485 721 Contra
1536 678 1815 721 membrorum

261 748 549 802 parallelismo
564 748 776 798 adductus
791 749 973 803 scriptor
987 748 1223 804 perfectum
1240 750 1429 803 posuisse
1446 749 1614 792 videtur
1626 749 1668 800 3,
1683 749 1753 803 32,
1770 749 1815 791 ’ἵε

257 821 506 871 θεωροῦμεν
540 851 548 861 .
575 852 583 861 .
609 852 617 861 .
651 820 728 861 τὸν
760 820 836 871 μὲν
870 819 1129 870 Ἀντιοχικὸν
1161 820 1350 879 πόλεμον
1381 820 1427 862 ἐκ
1457 822 1533 862 τοῦ
1562 820 1815 862 Φιλιππικοῦ

257 890 333 941 τὰς
367 890 566 941 ἀφορμὰς
612 890 820 942 εἰληφότα
863 922 872 931 .
916 923 925 931 .
968 922 976 931 .
1016 890 1092 931 τὸν
1134 889 1170 931 δ’
1205 890 1470 942 Ἀννιβιακὸν
1513 891 1560 932 ἐκ
1601 892 1677 931 τοῦ
1722 891 1816 940 περὶ

257 960 465 1013 Σικελίαν,
511 961 562 1002 τὰ
595 962 641 1002 δὲ
673 961 825 1011 μεταξὺ
860 959 1026 1001 τούτων
1057 961 1224 1012 πολλὰς
1269 962 1335 1002 καὶ
1379 960 1817 1011 ποικίλαςὲσχηκότα

257 1031 472 1081 διαθέσεις
518 1035 560 1072 et
596 1030 664 1083 13,
696 1032 738 1083 4,
770 1031 799 1071 4
843 1031 1068 1082 συνέβαινε
1117 1032 1162 1072 δὲ
1208 1032 1285 1072 τὸν
1329 1031 1603 1082 Ἡρακλείδην
1637 1062 1646 1072 .
1680 1062 1689 1072 .
1725 1063 1734 1071 .
1767 1031 1816 1071 τὸ

257 1101 333 1151 μὲν
355 1101 482 1151 γένος
518 1133 526 1142 .
558 1133 567 1142 .
599 1131 607 1140 .
642 1099 748 1143 εἶναι
780 1101 1060 1152 Ταραντῖνον,
1093 1102 1328 1152 πεφυκέναι
1352 1101 1439 1143 δ’ἐκ
1461 1100 1691 1153 βαναύσων
1726 1135 1732 1143 .
1764 1133 1773 1142 .
1806 1131 1815 1142 .

257 1171 418 1222 μεγάλα
450 1170 1047 1223 δ’ἑσχηκέναιπροτερήματα
1078 1173 1188 1222 πρὸς
1224 1171 1448 1214 ἀπόνοιαν.
1511 1171 1713 1214 Omnibus
1753 1171 1817 1213 bis

258 1241 363 1284 locis
394 1242 725 1296 significationis
757 1241 981 1284 discrimen
1028 1255 1110 1284 non
1156 1242 1381 1285 intercedit
1427 1243 1535 1284 inter
1579 1242 1814 1298 perfectum

257 1317 300 1354 et
334 1325 549 1367 praesens.
1761 1319 1764 1321 ’

404 1383 553 1436 Neque
577 1383 700 1425 aliter
722 1397 789 1425 res
811 1396 855 1425 sc
889 1382 1019 1425 habet
1051 1385 1091 1436 3,
1114 1384 1184 1434 61,
1211 1385 1249 1435 7,
1283 1384 1353 1425 ubi
1381 1385 1614 1425 πέπονθα
1646 1384 1816 1425 notione

257 1467 340 1495 nou
368 1453 530 1495 'differt
562 1468 589 1495 a
621 1453 789 1504 πάσχω.
855 1454 986 1495 Paulo
1031 1460 1131 1495 ante
1176 1460 1390 1496 narratum
1436 1461 1500 1497 est
1535 1454 1815 1496 Hannibalem

258 1525 546 1580 stupefactum
581 1537 673 1566 esse
706 1524 909 1579 singulari
943 1524 1175 1577 celeritate,
1217 1537 1301 1578 qua
1331 1537 1430 1567 usus
1463 1530 1575 1568 esset
1606 1524 1651 1567 P.
1670 1524 1815 1581 Scipio

257 1595 557 1638 in-itineribus
590 1595 886 1638 conficiendis.
922 1596 968 1637 In
1003 1595 1151 1637 eadem
1180 1600 1322 1638 autem
1354 1596 1534 1638 mirandi
1566 1596 1816 1638 condicione

258 1665 340 1708 tuit
372 1666 531 1721 Scipio,
566 1679 659 1707 cum
695 1665 909 1708 Hannibal
943 1677 1110 1719 quoque
1135 1666 1249 1707 *mira
1281 1666 1500 1708 celeritate
1533 1667 1665 1722 Alpes
1695 1679 1817 1722 supe-

259 1738 459 1778 ravisset:
494 1738 543 1778 τὸ
568 1738 613 1778 δὲ
636 1737 944 1787 παραπλήσιον
966 1737 1192 1797 συνέβαινε
1214 1737 1397 1788 πάσχειν
1419 1738 1486 1778 καὶ
1508 1738 1584 1778 τὸν
1605 1737 1815 1779 Πόπλιον.

261 1806 385 1863 Quod
419 1820 513 1850 cum
547 1804 726 1850 Romam
759 1806 1053 1861 nuntiavisset,
1086 1807 1136 1850 τὸ
1168 1805 1315 1850 δἀὐτὸ
1347 1808 1598 1860 συνέβαινεν
1630 1809 1697 1851 καὶ
1727 1810 1817 1860 τοῖς

256 1879 304 1921 ἐν
335 1884 385 1934 τῇ
416 1879 553 1933 Ῥώμῃ
587 1880 845 1921 πεπονθέναι
879 1881 974 1930 περὶ
1005 1881 1093 1921 τῶν
1124 1880 1470 1931 συμπιπτόντων.

400 1950 548 2004 Neque
582 1951 718 1993 minus
749 1950 842 1993 sola
872 1951 1108 2006 praesentis
1149 1950 1380 2006 explicatio
1413 1949 1636 1993 toleranda
1679 1955 1743 1993 est
1774 1951 1817 1992 in

257 2022 519 2073 πεποίηκε,
566 2022 599 2062 si
645 2020 771 2063 modo
810 2026 925 2062 recte
972 2020 1050 2062 boc
1084 2020 1284 2063 traditum
1331 2025 1397 2063 est
1429 2021 1470 2073 3,
1503 2021 1574 2072 36,
1606 2021 1654 2062 3:
1703 2020 1818 2072 οἶμαι

257 2088 368 2132 δ’ἑπὶ
407 2095 495 2133 τῶν
532 2092 859 2142 γρωριζομένων
898 2091 1045 2132 τόπων
1077 2091 1129 2132 οὐ
1161 2091 1284 2142 μικρὰ
1316 2091 1477 2142 μεγάλα
1508 2092 1555 2132 δὲ
1585 2092 1818 2143 συμβάλλε-

257 2165 358 2202 σθαι
392 2163 596 2212 πεποίηκε
629 2163 739 2211 πρὸς
763 2161 1000 2211 ἀνάμνησιν
1023 2162 1048 2211 ἡ
1070 2164 1157 2202 τῶν
1179 2161 1404 2212 ὀνομάτων
1425 2161 1660 2213 παράθεσις
1683 2161 1821 2204 addit-

257 2244 345 2285 que
377 2231 419 2273 id
454 2231 556 2273 nihil
582 2232 725 2273 valere
748 2231 803 2273 ad
827 2231 1127 2286 cognoscenda
1149 2232 1244 2273 loca
1275 2231 1415 2274 adhuc
1447 2232 1607 2286 ignota.
1676 2232 1816 2275 Primo

256 2303 407 2345 obtutu
443 2303 705 2357 intellegitur
738 2302 818 2344 hoc
863 2302 956 2344 loco
988 2302 1168 2358 proferri
1215 2303 1467 2345 sentent-iam
1500 2302 1741 2357 generalem
1775 2303 1816 2345 in

256 2386 380 2416 omne
413 2378 580 2428 tempus
612 2373 838 2416 valentem.
901 2373 1042 2424 Quare
1091 2374 1295 2424 πεποίηκε
1340 2387 1476 2427 aeque
1521 2373 1816 2430 accipiendum

255 2450 320 2486 est
355 2458 406 2486 ac
442 2447 570 2486 ποιεῖ.

404 2515 599 2568 Denique
638 2514 692 2557 ad
733 2527 936 2570 praesens
967 2516 1107 2569 magis
1139 2527 1264 2568 quam
1298 2515 1352 2556 ad
1386 2515 1617 2570 perfectum
1651 2520 1819 2571 spectat

256 2586 538 2637 διενήνοχα
586 2588 623 2639 1,
657 2586 726 2637 88,
762 2586 809 2627 7:
856 2586 1133 2637 ἐπολέμησαν
1177 2586 1216 2627 οἱ
1261 2585 1519 2638 μισθοφόροι
1561 2586 1671 2638 πρὸς
1715 2586 1816 2637 τοὺς

257 2657 573 2708 Καρχηδονίους
606 2657 809 2709 πόλεμον,
843 2656 906 2698 ὧν
937 2657 1058 2708 ἡμεῖς
1090 2656 1214 2708 ἴσμεν
1246 2656 1353 2711 ἀκοῇ
1386 2657 1607 2710 μαθόντες,
1640 2657 1751 2699 πολύ
1778 2671 1817 2699 τι

254 2728 358 2778 τοὺς
403 2726 563 2778 ἄλλους
609 2727 796 2778 ὠμότητι
843 2729 910 2769 καὶ
954 2729 1199 2782 παρανομίᾳ
1245 2728 1541 2783 διενηνοχότα;
1594 2732 1817 2782 gesserunt

254 2799 533 2851 mercennarii
567 2798 721 2840 bellum
757 2804 901 2840 cetera
925 2798 1036 2839 bella
1059 2798 1311 2841 crudelitate
1334 2802 1376 2839 et
1396 2796 1668 2854 improbitate
1691 2797 1816 2853 longe

400 2882 435 2923 1)
462 2879 521 2928 De
535 2881 715 2926 perfecto
729 2880 871 2923 ἔσχηκα
886 2883 929 2914 ut
942 2889 1133 2926 praesens
1146 2883 1342 2926 usurpato
1353 2879 1474 2916 ‹eL-W.
1489 2878 1651 2917 Schmid
1660 2879 1699 2914 11
1710 2878 1816 2927 ρ’..53
